2610 3890
404 186 473 242 LlV.
502 185 644 258 [Andreae
663 185 800 258 Duditio.]
1048 183 1110 246 117

561 417 644 485 LIV.

136 555 328 643 [Andreae
355 557 538 644 Duditio]
566 558 763 644 Episcopo
792 563 920 624 creato
947 569 1076 638 (VLaa).

185 699 259 766 Etsi
284 702 322 766 de
345 701 465 767 futuris
487 702 586 766 rebus
608 701 767 768 affirmare
787 701 958 788 grauitatis
981 705 1015 766 11
1037 723 1111 785 pru-

103 788 223 854 dentiae
254 813 322 856 non
354 790 496 875 uidetur,
533 789 749 856 coniecturam
781 791 867 856 enim
899 811 994 874 saepe
1026 789 1111 854 fallit

103 882 232 943 euentus
265 883 298 945 et
331 878 539 945 obscuritatis
576 879 673 963 plena
709 885 784 946 sunt
817 879 937 965 omnia,
974 878 1002 943 si
1039 877 1138 962 quise

103 970 204 1032 tamen
227 989 282 1033 111
305 967 512 1053 persequitur
534 967 699 1032 diuinandi
723 968 806 1054 uias,
834 990 916 1053 quae
944 968 985 1032 ab
1010 967 1111 1032 excel-

102 1054 240 1122 lentibus
278 1061 311 1122 et
342 1056 482 1144 ingeniis
514 1060 547 1120 et
578 1056 694 1122 studiis
731 1080 750 1122 1
782 1057 913 1144 cognita
944 1055 1111 1140 industria,

103 1164 120 1207 a
137 1148 282 1228 spectata
304 1145 426 1212 uirtute
446 1146 616 1231 ducuntur,
637 1147 723 1211 hunc
742 1169 802 1233 ego
822 1145 986 1230 opinionis
1005 1167 1111 1210 errore

103 1254 273 1319 numquam
300 1234 382 1322 labi,
410 1235 497 1299 hunc
526 1234 687 1319 optimum
716 1257 786 1301 esse
814 1239 923 1301 uatem
952 1234 1111 1300 existimo

105 1343 178 1404 quae
205 1347 257 1388 me
286 1323 370 1389 ratio
393 1323 497 1389 mouit
524 1328 599 1390 ante
626 1325 750 1408 aliquot
778 1347 892 1411 annos,
921 1327 959 1388 ut
989 1325 1027 1389 de
1055 1327 1152 1388 tua1⁰

106 1409 255 1496 dignitate
280 1412 498 1496 praedicerem
522 1434 572 1498 ea,
599 1435 681 1496 quae
709 1413 830 1497 partim
853 1417 1024 1478 consecuta
1046 1412 1112 1476 iam

105 1505 185 1586 sunt,
208 1502 331 1586 partim
355 1501 401 1566 sic
423 1523 443 1565 a
465 1522 517 1565 me
540 1505 783 1587 exspectantur,
812 1500 904 1585 quasi
926 1501 1024 1586 longe
1046 1522 1113 1564 non

106 1587 214 1655 absint.
261 1590 340 1676 quid
364 1589 449 1655 enim
477 1591 618 1676 agebant
646 1593 679 1654 et
706 1612 770 1674 quo
799 1589 991 1673 spectabant
1018 1608 1112 1653 curae

105 1674 172 1742 illae
194 1683 271 1744 tuae
294 1680 336 1744 ab
359 1679 432 1763 ipsa
450 1700 552 1763 paene
571 1678 711 1763 pueritia
729 1677 920 1762 susceptae?
951 1697 1033 1761 quae
1051 1697 1113 1760 res,

106 1786 180 1848 quae
211 1789 289 1852 spes
321 1767 384 1832 tibi
417 1767 587 1852 proposita
617 1767 693 1853 fuit,
730 1789 803 1832 cum
834 1765 1007 1852 Reginaldi
1038 1763 1152 1828 Poli15

106 1851 278 1922 Cardinalis
306 1855 491 1921 innocentia
521 1861 554 1921 et
580 1855 699 1921 litteris
727 1855 837 1920 eximii
864 1853 1113 1921 contubernium

105 1963 137 2006 ac
158 1944 367 2011 domesticam
390 1944 654 2011 consuetudinem
678 1944 877 2030 expetebas?
919 1944 1009 2030 quid,
1040 1964 1113 2008 cum

105 2028 243 2099 Lutetiae
276 2039 351 2118 post
378 2033 506 2099 obitum
532 2034 604 2099 Poli
631 2033 869 2117 VicomercatO,
898 2032 1027 2098 Patauii
1055 2031 1112 2097 Ge-

104 2139 187 2208 nuae,
206 2122 450 2208 praestantibus
467 2123 502 2187 in
516 2123 724 2207 philosophia
738 2122 826 2208 111111,
845 2143 977 2206 operam
991 2119 1113 2184 dabas?

106 2208 273 2296 quidquam
302 2235 343 2276 ne
373 2212 550 2298 sequebare
577 2216 706 2295 praeter
733 2233 783 2296 ea,
816 2232 897 2295 quae
927 2209 984 2293 qui
1013 2207 1112 2291 adipi·
1127 2224 1153 2264 2⁰

106 2304 239 2384 scuntur,
263 2300 351 2366 omni
374 2301 495 2365 honore
519 2300 610 2385 digni
634 2304 667 2365 et
688 2301 852 2364 habentur
874 2302 907 2362 et
925 2296 1023 2363 sunt?
1052 2317 1113 2359 nos

106 2386 226 2467 quidem
249 2394 293 2475 te,
316 2389 411 2454 amici
429 2388 488 2473 tui,
508 2388 636 2453 Patauii
659 2387 822 2473 praeclara
841 2386 948 2452 studia
965 2385 1012 2450 ita
1031 2406 1113 2448 com·

106 2472 243 2564 plexum,
276 2481 315 2542 ut
345 2477 456 2543 diuelli
487 2477 543 2541 uix
573 2499 699 2564 posses,
731 2499 804 2542 cum
835 2479 869 2540 et
901 2473 1113 2541 creberrimae

107 2565 357 2651 propinquorum
369 2566 498 2632 litterae
511 2566 547 2631 in
560 2566 700 2650 patriam
719 2569 891 2632 auocarent
910 2569 942 2631 et
961 2585 1114 2649 praesens

106 2649 197 2718 frater
223 2677 290 2720 non
316 2655 411 2720 modo
441 2655 626 2721 hortaretur
653 2656 694 2720 ad
720 2656 873 2741 reditum,
903 2675 1016 2719 uerum
1043 2673 1113 2737 pre·
1127 2666 1153 2708 2⁵

108 2738 191 2806 cibus
214 2745 313 2809 etiam
336 2747 462 2828 peteret
485 2749 581 2829 atque
605 2745 798 2827 obsecraret,
820 2744 854 2808 ui
878 2740 1114 2827 propemodum

107 2832 308 2918 extrusimus,
334 2832 432 2898 inuiti
456 2833 599 2918 omnino,
627 2833 747 2917 quibus
769 2831 940 2896 carendum
963 2833 996 2893 te
1019 2832 1113 2911 esset,

108 2916 190 2984 cuius
222 2921 454 2987 consuetudine
485 2921 569 2986 nihil
601 2921 741 2987 suauius.
796 2919 852 2986 sed
883 2919 930 2983 ita
962 2915 1112 2982 duximus

107 3008 250 3090 expedire
273 3015 348 3075 tuae
366 3010 463 3095 laudi,
486 3032 559 3076 cum
576 3009 841 3096 intelligeremus,
864 3012 984 3094 quanto
1003 3008 1114 3071 futura

108 3101 184 3161 esset
205 3098 364 3165 illustrior
386 3099 509 3186 ingenii
532 3100 581 3164 tui
603 3100 753 3184 facultas,
776 3099 817 3163 ab
842 3099 908 3164 otio
930 3096 1113 3162 litterarum
1127 3111 1154 3151 ³0

108 3181 144 3277 ud
164 3208 214 3253 res
236 3189 393 3276 gerendas
412 3188 569 3276 traducta,
592 3189 785 3273 praesertim
802 3188 837 3252 in
854 3189 918 3252 ista
936 3184 1113 3271 prouincia,

108 3289 139 3332 m
166 3295 227 3359 qua
255 3277 319 3343 tibi
352 3277 510 3344 maiorum
542 3282 673 3343 tuorum
704 3277 809 3343 uirtus
838 3277 953 3342 tritum
982 3273 1044 3337 iter
1074 3272 1113 3335 ad

108 3355 237 3438 gloriam
259 3365 457 3454 reliquisset,
483 3367 548 3432 isto
571 3365 784 3452 Imperatore,
806 3387 870 3450 quo
892 3385 987 3429 nemo
1011 3363 1113 3432 bonas

109 3481 314 3500 “’”····--ι--

191 3557 268 3613 2Ab
287 3575 361 3614 anno
382 3563 449 3613 1571
470 3576 521 3630 pro
541 3558 654 3615 nomine
674 3559 824 3615 asteriscus
842 3554 953 3627 positus
973 3556 1023 3611 est.
