2578 3896
578 915 601 981 Ι.

251 1057 348 1122 Vido
376 1057 513 1143 Lolgio
542 1055 778 1121 Placentiam
807 1065 923 1135 (mae).

172 1197 276 1250 Paulus
289 1194 443 1264 Manutius,
462 1212 525 1249 cum
543 1193 646 1249 nimius
666 1197 741 1250 esset
758 1194 789 1249 in
806 1194 967 1251 litterarum
980 1195 1092 1268 studiis,

79 1266 248 1322 adulescens
263 1266 456 1337 septendecim
470 1282 607 1320 annorum
624 1265 655 1320 in
672 1282 789 1336 grauem
802 1268 930 1321 morbum
943 1266 1091 1336 inciderat,

81 1355 140 1406 quo
160 1354 211 1408 per
229 1337 373 1392 biennium
391 1336 568 1392 conflictatus
591 1340 635 1393 est
658 1336 734 1407 (uide
753 1353 796 1406 ep.
810 1337 893 1407 x111).
931 1338 1009 1393 cuius
1027 1339 1092 1393 reli-
1118 1359 1134 1399 5

80 1409 164 1478 quies
183 1411 216 1463 ut
233 1424 346 1478 prorsus
368 1407 535 1478 depelleret,
558 1407 595 1462 ad
614 1423 702 1476 aquas
720 1408 859 1462 Lucenses
877 1409 1021 1478 proiectus
1040 1412 1091 1464 est.

170 1516 284 1581 Paullo
314 1521 388 1581 ante
421 1516 570 1580 dederam
602 1516 642 1579 ad
673 1519 706 1579 te
738 1515 877 1599 litteras,
910 1536 989 1599 quas
1021 1538 1093 1581 con·

79 1605 205 1669 iectura
235 1605 358 1670 dierum
387 1604 545 1689 putabam
572 1602 634 1667 tibi
662 1603 727 1667 iam
754 1624 823 1667 esse
850 1601 1003 1667 redditas:
1032 1605 1093 1668 hae

77 1716 167 1757 nunc
203 1693 321 1758 alterae
355 1696 598 1777 consequentur.
654 1691 768 1775 scripsi
805 1695 837 1755 te
872 1691 1006 1755 absente
1042 1715 1093 1757 me

79 1803 205 1846 cessare
235 1781 269 1846 in
297 1781 415 1846 litteris
446 1785 478 1845 et
506 1779 635 1845 omnino
663 1784 753 1845 tuam
781 1801 913 1863 operam
940 1784 1092 1864 tuamque
1107 1809 1135 1848 ro

78 1869 172 1934 illam
194 1869 228 1934 in
250 1869 330 1934 meis
353 1870 450 1934 rebus
478 1868 745 1934 officiosissimam
773 1868 977 1933 sedulitatem
999 1871 1093 1934 uehe-

79 1963 207 2023 menter
229 1958 404 2042 requirere3
431 1957 487 2022 sed
509 1979 617 2022 meum
640 1957 809 2022 consilium
832 1979 914 2041 esse,
941 1962 974 2021 te
997 1957 1093 2022 istinc

79 2069 121 2111 ne
145 2046 236 2130 prius
260 2067 490 2129 commoueres,
518 2067 614 2129 quam
643 2067 703 2132 ego
726 2045 846 2110 alicubi
870 2046 1092 2110 consedissem.

80 2135 114 2199 id
139 2156 199 2221 ego
223 2134 373 2200 uolebam
396 2134 518 2199 scilicet
540 2133 676 2219 inuitus,
703 2134 759 2218 qui
784 2138 817 2198 te
840 2134 962 2199 socium
986 2139 1018 2198 et
1041 2135 1093 2198 ad-

79 2223 266 2288 ministrum
295 2245 439 2288 meorum
469 2222 649 2287 studiorum
680 2243 803 2286 summe
835 2221 988 2286 desidero,
1037 2222 1094 2284 sed
1108 2249 1134 2288 15

79 2311 233 2376 uolebam
262 2316 370 2376 tamen
398 2311 447 2376 tui
478 2309 636 2375 commodi
666 2331 790 2374 caussa:
822 2308 976 2393 primum,
1006 2308 1093 2392 quod

78 2400 165 2463 hanc
187 2399 352 2482 equitandi
375 2399 592 2481 iactationem,
615 2419 696 2480 quae
719 2418 770 2461 me
794 2396 923 2480 quidem
946 2396 1093 2483 delectat,

79 2486 154 2570 tibi,
173 2487 231 2551 otii
250 2487 377 2572 cupido,
398 2486 588 2571 suspicabar
604 2507 671 2549 non
689 2485 829 2569 placere3
852 2485 974 2568 deinde,
998 2487 1092 2570 quod,

79 2575 108 2640 si
133 2575 313 2660 accidisset,
339 2580 376 2640 ut
404 2575 483 2640 istas
507 2574 656 2660 regiones
683 2577 880 2657 peteremuS,
909 2574 994 2657 quod
1016 2579 1092 2658 post

80 2663 197 2727 balnea
220 2663 336 2728 facturi
359 2663 560 2745 videbamur,
590 2661 814 2748 intelligebam
836 2662 918 2747 fore,
945 2666 982 2726 ut
1005 2661 1092 2727 adire
1107 2690 1134 2730 ro

80 2751 279 2816 commodius
298 2752 407 2815 adme
426 2773 538 2835 posses
556 2750 727 2815 interuallo
746 2750 877 2814 minore.
907 2750 1093 2834 nunciandi,

79 2861 138 2903 cur
165 2839 358 2904 sententiam
385 2838 585 2903 mutauerim.
632 2836 792 2903 Cardinali
819 2841 943 2922 nostro,
971 2837 1022 2902 cui
1046 2838 1093 2902 ni-

81 2928 183 2992 mium
207 2949 303 3011 saepe
326 2927 468 2992 calculus
494 2927 649 2991 molestus
677 2930 739 3010 est,
769 2925 880 2990 multis
908 2925 972 2990 iam
994 2947 1092 2991 reme·

81 3015 143 3080 diis
165 3017 287 3080 frustra
309 3015 443 3080 tentatis
469 3014 617 3080 accedere
639 3036 726 3078 nunc
749 3015 789 3078 ad
811 3035 910 3099 aquas
933 3013 1092 3080 Lucenses

80 3103 276 3169 ualetudinis
304 3125 415 3169 caussa
447 3103 661 3168 deliberatum
688 3107 750 3186 est,
782 3124 918 3187 nosque,
952 3107 989 3166 ut
1021 3103 1091 3187 scie,
1106 3131 1134 3170 aa

81 3192 166 3256 idem
189 3192 377 3278 cogitamus.
418 3191 459 3256 iis
482 3191 574 3276 aquis
598 3191 653 3275 qui
676 3191 725 3255 uti
748 3190 875 3275 uolunt,
898 3191 931 3254 id
953 3191 1092 3254 maxime

82 3285 245 3364 spectant,
275 3285 312 3344 ut
342 3280 426 3345 sicco
456 3283 603 3363 tempore
632 3283 773 3344 utantur.
818 3281 897 3344 haec
925 3282 973 3342 est
1001 3278 1092 3360 quasi

171 3459 205 3509 27
226 3453 307 3508 ‘haec
331 3456 374 3508 est
397 3452 478 3521 quasi
503 3452 653 3508 methodus
682 3454 842 3521 quaedam'.
880 3452 946 3504 ante
971 3455 1040 3508 15⁷3
1063 3452 1095 3508 in

83 3523 257 3579 editionibus
275 3524 437 3593 legebatur:
456 3523 503 3579 hic
522 3526 567 3578 est
584 3523 666 3592 quasi
685 3523 834 3579 methodus
854 3521 976 3592 quidam.

135 3623 159 3663 Ρ.
174 3623 275 3664 Munatii
288 3623 402 3672 epistulas
416 3623 521 3666 selectae.
865 3617 879 3665 1
