2610 3890
188 171 251 238 158
458 166 606 223 LXXVIII.
634 163 753 222 Camillo
770 164 928 220 Palaeotto.

185 330 335 418 negotiis.
383 327 636 396 Commentarios
663 325 698 392 in
721 324 889 412 epistolas,
917 346 1001 409 quae
1021 321 1201 392 familiares

186 420 349 505 dicuntur,
372 417 518 482 contricio
541 417 606 482 iam
627 438 731 501 prope
755 414 964 501 efflagitatus,
991 412 1109 478 debere
1134 415 1201 478 stu·

186 508 285 574 diosis
307 506 429 572 diutius
456 505 513 570 uix
541 525 682 590 possum.
726 504 760 568 id
780 525 868 570 nunc
889 501 1013 590 cogito,
1038 501 1079 566 ad
1102 522 1202 584 quem

185 597 366 662 mittantur.
412 618 454 662 en
476 595 517 659 ad
539 615 627 678 enm,
655 592 711 677 qui
738 613 789 658 me
817 591 946 657 ornauit
969 611 1007 655 ea
1029 588 1202 676 dignitato,

160 705 260 752 ccum
284 707 347 771 qua
369 685 476 750 nullas
498 705 577 768 opes
600 681 751 748 confero?
790 685 827 746 tu
850 684 969 745 statue:
992 679 1033 744 ad
1055 682 1089 742 te
1112 677 1201 742 enirn

185 776 304 860 refero,
334 773 385 840 cui
413 772 467 840 uel
494 771 665 856 prudentia
695 769 749 836 uel
776 791 884 834 amore
911 790 988 854 erga
1014 789 1074 832 nos
1103 788 1202 851 quem

186 867 391 948 anteponam,
413 862 518 926 habeo
541 860 710 926 neminem.
746 856 835 923 Vale.
871 855 1027 940 Venetiis,
1049 853 1104 922 XI.
1127 854 1201 920 Kal.

185 950 265 1018 Maii
286 949 481 1016 MDLXXII

587 1171 800 1184 ...--—--

610 1459 782 1528 LXXVIII.

149 1624 176 1664 ιο
312 1602 474 1670 Camillo
502 1603 706 1669 Palaeotto
734 1602 946 1668 Bononiam
970 1609 1032 1678 (xl,
1047 1610 1082 1676 6).

278 1746 361 1833 Agri
383 1745 498 1829 uestri,
522 1745 548 1810 si
572 1744 715 1830 quidem,
737 1749 774 1809 ut
798 1742 927 1828 scribis,
949 1741 1112 1808 imbribus
1135 1741 1206 1806 irri-

190 1829 1206 1988 ididaebitiirirtfflubidehiniiidiibieqiiddniluistrideqliiinddiiiid

191 2015 313 2094 tamen,
350 1973 445 2095 quod,
474 2010 514 2074 ad
550 2009 730 2076 bonitatem
766 2011 1016 2093 firmitatemque
1053 2008 1206 2074 uinorum

151 2117 178 2160 15
191 2100 323 2185 attinet,
350 2100 433 2164 bene
457 2103 613 2184 speratur.
659 2100 699 2164 de
722 2099 816 2184 copia
838 2100 907 2164 fore
930 2101 1054 2164 certum
1077 2102 1141 2182 est,
1168 2101 1206 2162 ut

189 2213 256 2255 non
286 2189 495 2255 abundemus.
541 2187 619 2275 Ego
642 2211 709 2254 non
738 2187 919 2272 expectatis
947 2186 1110 2252 imbribus
1140 2186 1206 2252 iam

190 2278 367 2345 sarcinulas
396 2278 601 2364 collegeram,
633 2282 670 2342 nt
701 2277 736 2342 in
765 2277 852 2342 uiam
881 2298 932 2341 me
963 2275 1084 2360 darem3
1121 2275 1207 2340 nihil

191 2368 277 2432 enim
310 2371 379 2432 erat
410 2367 533 2452 potius,
570 2388 666 2451 quam
701 2370 739 2430 ut
770 2366 901 2432 domum
932 2363 1070 2429 redirem
1102 2386 1207 2449 eoque

191 2454 306 2519 itinere
334 2459 367 2519 te
395 2455 538 2520 uiderem
564 2459 597 2520 et
625 2453 771 2520 uillulam
799 2458 902 2537 tuam,
930 2457 1068 2537 utroque
1096 2457 1208 2518 autem

152 2559 179 2601 20
191 2543 328 2629 fruerer,
356 2544 509 2627 quamdiu
535 2564 594 2627 per
621 2543 697 2608 anni
723 2549 853 2627 tempus
880 2542 1000 2608 liceret.
1046 2540 1104 2606 sed
1125 2541 1207 2608 uicit

192 2629 364 2695 eonsilium
386 2652 494 2695 meum
513 2629 729 2696 cardinalium
751 2632 911 2698 uoluntas.
949 2652 1087 2716 quorum
1106 2652 1208 2716 opera

192 2723 242 2785 est
261 2719 420 2804 effectum,
437 2723 475 2784 ut
495 2717 668 2806 Gregorius
686 2719 772 2786 XHI.
791 2719 884 2785 Pont.
903 2718 997 2802 Max,
1021 2719 1077 2804 qui
1096 2724 1208 2786 tamen

192 2831 251 2875 sua
278 2811 395 2892 sponte
423 2808 575 2874 liberales
605 2809 791 2894 disciplinas
820 2809 902 2874 miro
931 2808 1071 2893 quodam
1098 2809 1207 2875 studio

192 2897 414 2984 amplectitur,
439 2899 542 2982 fouet,
571 2898 642 2982 elit,
669 2898 847 2964 honorifico
870 2920 922 2963 me
944 2897 1108 2982 stipendio
1131 2896 1207 2962 reti-

154 3002 180 3043 25
193 2986 334 3052 nendum
370 2987 544 3070 putauerit.
602 2987 665 3052 Hic
701 2987 802 3074 igitur
839 2986 986 3074 cogimur
1022 2985 1208 3070 consistere,

192 3074 342 3159 libenter,
365 3079 403 3139 ut
420 3075 551 3162 Romae,
575 3075 608 3140 in
629 3098 753 3141 summa
771 3075 961 3141 celebritate
979 3079 1012 3139 et
1031 3074 1208 3140 amicorum

193 3163 300 3248 copia,
331 3162 441 3250 inuiti,
474 3168 510 3228 ut
542 3186 561 3228 a
591 3169 623 3230 te
655 3165 820 3249 disiuncti,
852 3164 943 3230 cuius
975 3162 1208 3228 consuetudine

192 3273 259 3318 non
282 3252 381 3317 semel
403 3256 459 3318 aut
477 3253 604 3340 iterum,
627 3253 683 3318 sed
700 3258 859 3338 perpetuo
878 3252 1013 3320 aestiuis
1030 3250 1209 3334 mensibus,

130 3381 134 3389 ·
193 3360 328 3405 amoena
346 3341 486 3429 regione,
508 3340 646 3407 iucundo
665 3342 742 3428 oti0,
765 3364 837 3408 cum
857 3339 1082 3410 communibus
1105 3341 1209 3406 musis

154 3443 181 3482 ευ
194 3427 258 3490 frui
282 3429 513 3513 cogitabamus.
550 3430 611 3494 hoc
630 3434 738 3494 tamen
756 3430 913 3515 quidquid
936 3434 985 3495 est
1004 3427 1210 3512 incommodi,

194 3535 261 3578 non
283 3515 364 3582 illud
387 3518 517 3602 quidem
539 3517 680 3605 penitus,
702 3519 884 3604 sodalique
908 3519 1022 3584 saltem
1046 3540 1085 3584 ex
1105 3521 1209 3604 parte,
