2610 3890
418 165 541 224 LXXIV.
566 165 687 224 Camillo
705 167 861 224 Palaeotto.
1083 168 1146 232 151

133 355 207 397 mea
237 351 413 418 congruere
445 327 599 396 iudicium
630 334 731 395 tumn
778 330 834 415 qui
862 329 949 395 enim
976 329 1149 414 prudentia

135 421 331 508 ingenioque
359 418 509 506 excellat,
537 419 593 504 qui
621 419 665 484 sit
692 419 783 484 aulae
806 418 943 503 peritior
966 419 1064 485 etiam
1086 419 1149 484 for·

133 515 234 595 tasse,
261 529 367 612 ⁸quarn
395 507 508 592 uellet,
542 507 599 592 qui
629 508 757 573 studeat
786 508 885 573 rebus
914 507 1008 592 meis,
1039 508 1081 572 ab
1110 530 1148 573 eo

134 597 306 664 dissentire
334 595 471 662 stultum
498 601 559 682 put
560 619 656 662 arem
703 596 948 681 Quamquamt
949 618 991 661 ua
1019 595 1149 680 quidem

134 687 312 772 praecipua
343 690 377 750 et
408 685 500 768 quasi
525 685 699 772 priuilegio
732 686 873 771 quodam
902 685 1024 750 uirtute
1054 689 1150 769 parto
1176 706 1189 746 ι

135 776 282 841 seiuncta
313 795 333 838 a
361 773 474 839 multis
505 773 649 839 condicio
682 779 739 839 est.
790 774 853 838 tibi
886 774 973 839 enim
1005 772 1151 839 Caesaris

135 886 228 932 amor
257 865 403 947 beneque
436 863 474 926 de
507 863 603 928 bonis
631 863 712 928 uiris
741 863 884 927 merendi
917 861 1054 928 facultas
1084 883 1152 927 non

135 953 306 1018 minimum
329 952 415 1016 inter
437 950 558 1016 aulicas
579 951 697 1016 molest
697 952 745 1016 ias
769 952 983 1017 lenimentum
1011 973 1047 1016 ae
1070 950 1151 1015 sola·

136 1042 220 1107 tium
253 1040 351 1106 debet
382 1061 459 1104 essa.
504 1040 677 1105 Febrioula
712 1041 856 1105 nondum
893 1039 1023 1124 quidem
1054 1038 1151 1123 plane

137 1129 235 1217 abiit,
258 1130 327 1213 sed,
350 1133 387 1193 ut
411 1128 504 1229 signa
527 1132 616 1214 sunt,
644 1129 774 1193 abitura
796 1129 987 1230 propediem
1009 1128 1151 1193 uidetur:
1167 1148 1191 1189 ιο

137 1182 291 1302 reliquias
314 1217 401 1282 enim
429 1217 485 1283 uix
513 1239 663 1304 agnosco.
709 1216 796 1295 Quae
825 1218 984 1302 scripsistr
957 1218 1050 1282 t1de
1078 1216 1151 1282 aluo

137 1306 321 1390 mollienda,
340 1327 535 1390 quamquam
553 1328 669 1390 parum
686 1305 874 1392 necessaria,
897 1329 971 1372 eum
990 1328 1027 1372 eo
1046 1305 1153 1372 morbi

138 1417 256 1483 genere
273 1394 444 1460 liberati
419 1415 529 1480 simus,
547 1399 700 1480 pergrata
717 1399 827 1459 tamen
841 1400 925 1479 sunt,
943 1400 980 1460 ut
994 1418 1013 1459 a
1027 1416 1153 1460 summo

138 1506 248 1549 amore
270 1483 430 1568 profecta,
459 1483 704 1566 haerebantque
733 1483 768 1547 in
795 1484 950 1548 memoria
977 1487 1010 1547 et
1032 1482 1153 1547 litteris

139 1595 158 1637 a
181 1595 233 1638 me
257 1572 445 1658 consignata
468 1575 553 1654 sunt,
576 1574 622 1656 ut,
645 1571 673 1635 si
696 1593 747 1636 res
770 1571 924 1656 postulet,
949 1571 998 1636 uti
1021 1570 1152 1654 possim.
1168 1590 1193 1631 ιι

138 1666 215 1726 utor
238 1661 336 1726 etiam
354 1660 524 1744 interdum,
546 1681 588 1724 ne
611 1682 722 1725 rursus
745 1664 898 1746 oresoant,
921 1680 1002 1744 quae
1026 1681 1154 1742 parum·

138 1771 199 1834 per
225 1750 411 1814 humescere
438 1751 624 1833 coeperunt.
668 1749 758 1814 Vale.
789 1747 964 1833 tenebis,
993 1746 1049 1814 ΙΠ.
1078 1747 1154 1811 nori.

140 1839 217 1903 Deo.
240 1837 401 1903 MDLXX.

541 1989 755 1998 *-

576 2171 720 2237 LXXIV.

272 2312 434 2379 Camillo
461 2312 666 2379 Palaeotto
693 2312 904 2378 Bononiam
926 2322 974 2392 (X,
989 2322 1024 2386 8).
1168 2333 1195 2374 ιο

230 2454 300 2521 Nae
330 2476 391 2541 ego
419 2455 516 2520 istam
543 2455 691 2520 uillulam
720 2455 929 2519 uehementer
956 2477 1042 2540 amo,
1073 2475 1154 2539 quae

141 2550 175 2610 te
194 2546 315 2609 fessum
332 2544 467 2609 urbanis
485 2543 571 2608 euris
588 2543 677 2608 leuat
699 2544 866 2629 reficitque
886 2565 1012 2610 secessu
1036 2548 1068 2610 et
1087 2542 1155 2609 otio
1260 2543 1262 2548 ’

140 2633 386 2719 iucundissimo,
415 2633 473 2698 ubi
497 2637 529 2697 te
553 2632 681 2718 colligis
704 2633 910 2717 animumque
933 2633 1088 2699 transfers
1116 2631 1156 2695 ad

142 2721 452 2807 contemplationem
481 2721 770 2805 pulcherrimarum
800 2743 915 2786 rerum.
962 2722 1040 2806 quid
1069 2741 1156 2807 agas,

141 2810 221 2896 quid
253 2831 358 2896 aures,
393 2810 447 2875 lex
478 2810 568 2874 nulla
596 2810 800 2894 praeseribit:
838 2809 954 2873 scribis
985 2813 1042 2872 aut
1073 2807 1157 2893 legis
1170 2830 1197 2872 ιι

142 2897 304 2964 arbitratu
327 2903 399 2984 tuo,
421 2899 517 2964 modo
541 2899 650 2983 aprioa
669 2898 942 2981 deambulatione,
964 2897 1060 2962 modo
1084 2919 1156 2981 pro-

142 2992 258 3090 speetu
274 2987 406 3052 collium
421 2988 612 3072 quandoque
631 2992 744 3140 aperto
758 3008 905 3072 puroque
919 2986 1007 3052 eaelo
1027 2986 1157 3140 gaudes.

141 3076 297 3141 nimirum
320 3078 382 3142 boo
405 3080 455 3141 ast
477 3076 588 3141 uiuere
617 3080 649 3140 et
677 3075 740 3141 ista
706 3075 954 3162 tsolitudine,
983 3076 1046 3141 isto
1069 3075 1118 3140 uit
1120 3096 1156 3139 ae

143 3187 262 3252 genere
284 3164 368 3230 nibil
391 3165 525 3230 beatius
571 3185 628 3230 our
651 3187 712 3251 ego
735 3168 802 3230 tam
824 3165 922 3266 longe
945 3165 1073 3249 absum,
1100 3185 1157 3227 eur

140 3259 242 3340 negot
243 3253 284 3319 iis
302 3251 502 3338 impedior''
481 3276 530 3338 ns,
553 3273 572 3317 a
590 3253 711 3337 quibus
729 3275 793 3338 quo
812 3253 917 3355 magis
935 3256 972 3318 ut
990 3216 1157 3337 disidngar
1171 3275 1197 3315 ao

143 3343 342 3427 diuellarque
366 3363 498 3426 operam
521 3341 572 3427 d0‚
594 3364 632 3408 eo
656 3365 707 3407 me
731 3342 930 3428 distringunt
951 3341 1157 3424 retinentque

143 3432 271 3586 magis?
303 3430 383 3497 mibi
418 3430 525 3517 erede,
562 3431 589 3496 si
622 3453 730 3497 rerum
766 3431 1014 3496 domesticarum
1051 3429 1158 3495 soluta

141 3520 227 3586 ratio
251 3525 345 3606 esset,
367 3518 552 3584 aduolarem
570 3520 611 3584 ad
628 3525 662 3585 te
686 3519 836 3607 statim,
828 3542 862 3584 m
879 3519 994 3606 ipsam,
1016 3519 1159 3604 inquam,
