2610 3890
190 196 233 262 ffi
596 190 840 248 >rariora¹

190 359 342 422 absentes
364 355 483 421 litteris
505 359 538 420 et
556 353 692 438 nunciis,
715 353 771 417 alii
794 373 902 418 coram
923 353 1019 418 uultu
1043 357 1076 418 et
1095 356 1202 421 uerbis

191 443 407 532 gratulentur,
433 465 500 509 non
527 442 727 524 dubitamus,
757 440 836 525 quin
863 462 923 506 nos
949 461 1091 527 quoque,
1119 443 1203 508 altri

189 555 242 598 ces
272 536 359 618 tuas,
393 533 428 597 in
454 531 594 596 maximo
628 529 861 617 gratulantium
891 550 1024 594 numero
1058 531 1099 595 ad
1130 537 1202 600 tuos

190 621 409 688 sanctissimos
439 619 538 704 pedes
568 619 710 684 officiose
740 616 901 702 proiectas
931 617 1074 702 excipias
1103 624 1137 685 et
1166 643 1202 686 eo
1279 667 1280 676 η

160 709 377 796 abenignius,
407 707 493 793 quod
520 707 589 790 alii,
620 705 696 791 quia
723 705 901 790 peruenisti
928 704 968 769 ad
996 727 1070 772 eum
1097 709 1202 795 finem,
1279 761 1280 764 ,

189 798 273 862 infra
297 819 393 881 quem
416 795 515 861 ceteri
537 796 617 859 fines
641 799 730 878 sunt,
757 793 975 880 gratulantur,
1001 817 1062 860 nos
1086 801 1201 884 autem,

190 885 265 969 quia
295 885 430 970 scilicet,
461 888 499 948 ut
527 883 696 968 peruenire
724 903 850 966 posses,
880 883 970 966 ipsae
1000 884 1201 966 perfecimus.

188 973 264 1039 Non
295 977 344 1038 est
367 974 408 1038 ad
430 970 568 1059 gloriam
595 971 662 1036 lata
690 969 845 1055 quaedam
873 975 907 1034 et
933 973 1113 1038 communis
1141 975 1202 1040 uia.

189 1065 387 1148 perangusta
408 1061 472 1126 tuit
499 1059 614 1126 semita
628 1079 882 1144 ‘paucorumque
909 1062 1021 1124 notata
1044 1062 1202 1148 uestigiis,

148 1171 175 1210 ιο
189 1170 253 1234 qua
275 1150 383 1214 ierimt
406 1154 439 1214 et
461 1149 575 1236 heroes
598 1147 647 1210 illi
670 1151 804 1229 ueteres,
827 1146 862 1211 in
881 1145 1063 1213 Christiana
1085 1150 1202 1216 militia

188 1237 358 1302 fortissimi
381 1236 453 1301 uiri
499 1239 532 1300 εὴ
557 1235 697 1300 maxime
727 1234 856 1318 quidem
884 1235 1041 1321 omnium,
1069 1243 1200 1321 patrum

188 1327 374 1389 nostrorum
391 1323 556 1408 memoria,
573 1321 652 1387 Pius
669 1322 725 1386 ille
739 1321 901 1409 Pontifex,
920 1323 1010 1390 ouius
1028 1328 1065 1390 tu
1083 1349 1201 1392 nomen

188 1413 223 1476 in
246 1411 356 1478 eadem
379 1411 454 1478 sede
477 1411 592 1477 merito
621 1409 797 1476 collocatus
825 1415 858 1476 et
885 1434 958 1478 cum
984 1413 1116 1480 nomine
1140 1417 1200 1482 uir-

189 1505 294 1566 tutem
325 1502 434 1567 refcrs.
488 1500 524 1565 in
555 1499 652 1564 istam
684 1499 762 1564 olim
793 1500 942 1566 semitam
973 1500 1133 1570 ferentem
1163 1506 1201 1570 ad

148 1612 175 1656 ru
188 1594 354 1656 aeternum
384 1590 480 1656 decus
509 1611 569 1654 nos
600 1593 634 1653 te
661 1609 799 1672 puerum
826 1589 943 1673 adhuc,
974 1591 1030 1654 sed
1061 1614 1200 1676 puerum

188 1678 354 1763 praeclara
383 1678 581 1763 cupientem,
612 1698 710 1742 manu
739 1677 935 1760 prehensum
965 1678 1130 1767 duximus,
1161 1705 1202 1747 ne

188 1788 229 1831 ue
261 1767 334 1849 quis
369 1772 403 1831 te
440 1789 529 1831 error
564 1769 723 1849 auertere,
758 1787 799 1829 ne
837 1788 900 1850 qua
936 1767 1053 1832 morari
1088 1766 1202 1854 posset

189 1854 339 1939 offensio,
367 1854 482 1938 cupide
510 1853 696 1938 procedenti
725 1853 815 1938 quasi
840 1853 951 1920 lumen
976 1859 1200 1940 praetulimus.

189 1940 370 2006 confectum
397 1942 462 2006 iam
488 1941 550 2007 iter
578 1947 639 2026 est,
669 1942 755 2007 ultra
783 1964 846 2026 quo
873 1945 1105 2033 progrediaris,
1135 1972 1201 2016 non

123 2053 174 2108 ¹ro
187 2028 297 2094 habes.
333 2029 419 2095 inter
441 2035 474 2095 te
497 2035 530 2095 et
553 2030 701 2114 opificem
724 2035 899 2116 aeternum,
922 2032 1012 2098 cuius
1030 2035 1203 2104 ministrae
1282 2099 1283 2120 ,

187 2139 247 2182 nos
284 2140 407 2204 sumus,
442 2119 532 2185 nulla
568 2119 632 2183 iam
669 2118 859 2184 interiacent
895 2121 1043 2188 humana.
1090 2147 1201 2212 quare,
1282 2187 1283 2190 ,

188 2207 342 2290 quoniam
364 2213 398 2273 te
421 2229 458 2273 eo
481 2207 706 2293 perduximus,
735 2228 797 2291 quo
822 2207 890 2272 sine
912 2209 1009 2275 nobis
1032 2217 1206 2296 peruenire
1282 2215 1283 2222 '

187 2295 357 2361 felicitatis
379 2318 446 2361 non
468 2302 531 2382 est,
559 2299 591 2360 et
614 2294 741 2380 quando
769 2294 808 2359 de
835 2296 933 2384 longa
956 2298 1009 2362 uia
1032 2300 1080 2365 ita
1103 2304 1207 2372 fessas

190 2405 263 2448 esse
283 2384 450 2470 intelligia,
473 2389 510 2449 ut
532 2384 708 2449 consistere
727 2383 783 2449 uix
800 2385 972 2470 possimus,
994 2388 1091 2454 redde
1115 2415 1208 2476 prae-

148 2493 174 2534 aa
189 2470 293 2536 mium
317 2470 400 2535 bene
423 2472 622 2537 merentibus
650 2477 683 2536 et
709 2473 861 2556 permitte
884 2474 993 2559 nobis,
1021 2480 1057 2541 ut
1084 2478 1120 2544 in
1150 2488 1207 2549 tua

189 2559 405 2623 beneficentia
427 2559 522 2623 nixae
545 2560 815 2642 conquiescamus.
860 2584 948 2648 nam,
978 2563 1006 2628 si
1028 2564 1092 2630 tibi
1115 2568 1207 2637 Deus

188 2644 264 2732 Opt.
294 2646 378 2711 Max.
411 2645 473 2711 hoc
505 2646 660 2733 elargitus
692 2653 754 2732 est,
791 2653 828 2713 ut
859 2649 894 2714 in
925 2651 1012 2716 omni
1044 2657 1103 2719 tua
1136 2661 1207 2725 uita

187 2739 318 2819 praeter
339 2739 465 2801 rectum
492 2740 525 2801 et
551 2736 724 2801 honestum
750 2737 833 2801 nihil
861 2744 1036 2824 spectares,
1067 2744 1143 2826 quis
1172 2753 1205 2812 te

187 2824 395 2890 laudabiliter
412 2828 508 2889 antea
526 2824 685 2911 cogitasse
709 2825 907 2911 probauerit,
928 2828 993 2894 nisi
1010 2851 1105 2917 nunc,
1129 2857 1205 2900 cum

146 2933 173 2974 ao
187 2916 236 2977 est
259 2912 301 2977 ad
323 2913 526 2980 uoluntatem
548 2913 699 2978 adiuncta
726 2913 876 2998 facultas,
904 2914 937 2978 id
964 2915 1085 3004 ipsum,
1115 2925 1204 3006 quod

187 2999 354 3086 cogitasti,
377 3025 411 3066 re
434 3000 606 3085 perficias?
647 3001 674 3066 si
698 3005 730 3066 te
754 3002 890 3068 ambitio
914 3003 1100 3093 delectaret,
1128 3033 1204 3094 pro·

186 3109 380 3172 poneremus
411 3089 468 3153 illa
499 3089 621 3174 inania,
653 3089 772 3173 quibus
801 3089 838 3174 ii,
872 3091 926 3175 qui
960 3114 998 3156 ex
1031 3094 1203 3166 hominum

186 3177 389 3243 sermonibus
416 3178 573 3263 pendent,
603 3178 736 3243 excitari
764 3177 881 3244 solent:
909 3180 991 3267 fore,
1019 3182 1048 3246 si
1074 3207 1135 3252 nos
1159 3189 1203 3252 ia-

187 3270 295 3332 centes
318 3266 470 3353 erexeris,
501 3271 537 3332 ut
560 3268 674 3332 orbem
696 3272 855 3332 terrarum
878 3267 927 3332 tui
949 3270 1091 3337 nominis
1115 3275 1202 3340 fama

144 3373 172 3415 as
186 3360 394 3442 peruagatur,
424 3359 462 3421 ut
491 3360 656 3421 oratorum
686 3360 719 3420 et
748 3358 917 3436 poetarum
947 3355 986 3420 de
1013 3362 1047 3422 te
1073 3364 1201 3443 praedi·

187 3443 327 3508 cantium
359 3445 497 3511 uocibus
529 3466 622 3509 aures
654 3448 729 3508 tuae
761 3447 949 3528 personent,
986 3443 1125 3530 denique
1164 3457 1201 3516 ut

185 3527 358 3615 imaginem
381 3538 511 3599 tuarum
533 3533 706 3618 uirtutum,
734 3531 872 3596 aeternis
900 3530 1128 3602 excellentium
1152 3539 1199 3603 ui-
