2610 3890
450 213 546 272 ιιιιι.
569 215 615 270 ιι
632 213 714 269 Pium
731 213 778 271 ιιι.
1056 215 1121 281 105

101 374 302 462 peruenerit.
334 376 477 461 quicum
496 382 579 442 esset
598 399 635 441 ea
648 381 757 442 mente
775 377 903 460 praedit
904 399 996 464 us,u
997 382 1124 444 tnemo

102 486 262 567 umquam
279 465 384 552 magis
403 466 442 529 de
461 465 603 532 ornanda
621 465 762 552 egregiis
781 431 1004 531 Cardinalibus
1028 466 1126 532 ecole-
1219 489 1223 498 ·

103 554 155 619 sia
184 553 390 655 cogitauerit,
418 575 455 620 eo
485 554 618 640 iudicio,
648 558 685 618 ut
707 576 802 619 nemo
831 554 865 619 in
893 554 996 620 deleot
982 559 1019 619 tu
1042 575 1125 620 erra·

103 641 194 707 uerit
216 641 336 728 minus,
359 606 538 707 cdmmotus
564 607 647 708 ιιιιιιι
633 647 741 707 torum
763 665 829 708 non
856 642 955 707 dubio
979 665 1124 708 sermone

102 730 324 816 Reginaldum
347 730 463 796 Polum
486 730 676 815 disciplinae
700 729 817 796 christ·
793 736 900 796 tianae
923 731 1124 796 renouandae
1151 754 1165 796 ι

103 840 221 885 caussa
243 839 316 884 oum
339 823 448 903 praest
434 819 580 884 tentibus
599 819 724 904 aliquot
742 820 822 884 uiris
840 821 882 884 ad
899 820 1023 884 Vrbem
1046 820 1126 885 acci-

103 907 157 972 uit
182 928 319 992 cumque
342 907 452 991 paullo
476 912 552 992 post
573 930 639 973 non
661 912 841 996 petentem,
863 931 929 974 non
948 912 1126 994 optantem,

105 1017 214 1081 propa
241 995 339 1060 etiam
367 1001 568 1062 recusantem
601 995 802 1062 (lardinalem
830 997 959 1062 creauit.
937 996 1043 1062 tln
1064 997 1126 1062 hac

107 1083 340 1238 dignitate,Olm
303 1106 376 1149 eum
395 1083 475 1150 alios
494 1089 597 1171 antea,
620 1107 654 1150 se
673 1085 781 1170 ipsum
799 1085 879 1150 uicit
902 1085 989 1151 omni
1008 1107 1125 1172 genere

105 1172 221 1238 laudis
268 1171 392 1238 Omitto
415 1173 612 1260 singularem
635 1174 733 1260 illam,
757 1174 808 1240 cui
831 1196 891 1258 par
909 1174 1013 1239 oratio
1035 1174 1126 1239 nulla
1140 1199 1166 1239 ro

107 1261 244 1346 reperiri
259 1266 381 1348 potest,
399 1262 434 1326 in
448 1263 542 1328 caede
556 1263 668 1328 matris
682 1263 889 1328 acerbissima
902 1263 1125 1328 fortitudinem

106 1355 207 1435 atque
230 1350 451 1416 constantiam.
496 1351 627 1416 unicum
653 1351 702 1415 illi
726 1356 838 1416 eontra
860 1374 970 1417 omnes
993 1352 1127 1417 iniurias

107 1461 284 1523 omnesque
307 1439 505 1505 calamitates
528 1439 723 1504 conscientia
745 1439 941 1522 praesidium
959 1440 1022 1504 fuit
1041 1445 1073 1504 et
1092 1440 1127 1505 in

108 1527 255 1593 aduersis
278 1529 376 1593 rebus
399 1529 464 1594 iam
487 1532 542 1592 ant
544 1549 581 1592 ea
528 1527 759 1592 tdidicerat
782 1549 850 1591 esse
872 1527 975 1592 fortis.
1021 1528 1126 1613 graui-

107 1621 212 1682 tatem
226 1616 376 1682 eximiam
395 1617 466 1701 pari
480 1616 578 1682 comit
564 1621 631 1682 tate
650 1615 821 1701 conditam,
839 1618 986 1680 mansuet
971 1614 1126 1701 tudinem,
1139 1638 1167 1678 ιι
1287 1687 1290 1694 ,

108 1705 316 1807 prudentiam
316 1705 528 1792 ,benignitat
529 1727 580 1770 em
598 1705 634 1770 in
651 1668 850 1770 subleuanda
872 1704 1062 1769 miserorum
1080 1703 1127 1767 in-

110 1794 188 1879 opia
219 1816 285 1859 non
316 1794 451 1896 attingo.
498 1793 680 1859 communia
711 1794 777 1858 sint
808 1793 903 1878 haec,
939 1792 974 1857 in
1007 1791 1126 1893 quibus

109 1888 220 1948 tamen
244 1883 420 1968 praecipua
442 1883 580 1967 quadam
602 1883 697 1947 laude
719 1881 818 1947 Polus
842 1881 1007 1946 excelluit·
980 1881 1126 1946 tuenio

109 1972 150 2037 ad
179 1972 226 2058 id,
253 1972 338 2056 quod
366 1994 385 2036 a
408 1970 586 2037 (lardmahs
613 1993 752 2055 persona
779 1971 910 2056 proprie
934 1975 1009 2054 post
995 1970 1078 2034 ttula
1064 1975 1126 2034 tur.

109 2060 211 2144 Nam,
238 2060 295 2125 ubi
319 2060 461 2145 primum
484 2058 639 2125 sacerdot
615 2064 662 2125 ιιο
690 2064 740 2124 est
763 2064 855 2124 omat
857 2081 895 2124 us
918 2059 1127 2144 amplissimo,
1141 2081 1169 2120 ιι

108 2171 177 2215 non
200 2149 255 2213 ille
278 2153 367 2213 ment
369 2171 429 2235 em,
451 2152 488 2213 ιιι
473 2148 615 2235 ιιιιιιιιι,
637 2170 711 2213 cum
733 2149 864 2212 fortuna
886 2151 956 2211 mut
942 2147 1038 2230 tauit,
1060 2168 1127 2210 non

110 2238 247 2304 sericam
270 2242 403 2324 uestem,
426 2259 492 2302 non
515 2241 702 2322 argenteam
710 2234 973 2336 supellectilem,
986 2256 1053 2298 non
1076 2234 1127 2298 de-

108 2328 210 2412 nique
238 2326 397 2392 illustrem
419 2325 560 2410 aliquam
583 2329 639 2389 aut
663 2324 805 2408 opimam
828 2321 1014 2407 prouinciae
1037 2343 1127 2407 prae-

109 2417 270 2482 fecturam
297 2414 473 2500 appetiuit,
503 2413 560 2478 sed
587 2416 750 2479 contemta
777 2433 909 2496 prorsus
936 2433 1044 2476 rerum
1070 2411 1128 2476 hu-

107 2525 278 2569 manarum
301 2503 408 2587 specie
431 2466 541 2567 diuina
559 2501 678 2589 studia,
707 2523 789 2586 quae
812 2505 867 2565 ant
869 2523 906 2566 ea
927 2522 994 2566 non
1011 2497 1092 2566 leuit
1078 2506 1128 2566 ter
1141 2521 1170 2562 ιι

110 2592 279 2694 attigerat,
301 2596 372 2656 toto
398 2595 473 2676 pect
474 2613 529 2656 ore
553 2590 741 2675 complexus
765 2591 803 2654 de
827 2591 946 2655 tuenda
963 2589 1049 2656 Pont
1050 2589 1127 2655 ificii

110 2681 192 2746 iuris
215 2679 350 2746 maiesta
350 2685 397 2767 t,e
350 2680 463 2745 tde
486 2680 633 2765 augenda
654 2680 741 2744 inter
761 2679 908 2745 homines
930 2678 992 2743 Dei
1016 2679 1128 2764 gloria,

112 2770 152 2834 de
171 2769 363 2833 illustranda
388 2733 527 2833 ilaritate
495 2768 619 2833 tdies
641 2773 816 2851 noctesque
840 2767 983 2852 cogitare
1011 2767 1128 2848 coepit.

111 2862 270 2943 quantum
293 2857 379 2922 enim
402 2857 437 2921 in
460 2879 497 2921 ea
494 2857 736 3009 ,philosophia
760 2876 842 2956 quae
864 2876 883 2918 a
906 2853 1054 2918 sensibus
1074 2852 1128 2916 du-

110 2948 209 3033 citur,
238 2946 355 3011 erroris
377 2945 508 3010 insitat
475 2967 572 3030 aque
595 2943 784 3011 obscuritat
775 2967 817 3029 rs,
849 2964 922 3007 cum
945 2946 1040 3006 antea
1061 2963 1127 3006 non
1142 2965 1171 3006 so

111 2999 308 3123 ignorasset,
335 3039 406 3099 tum
429 3039 563 3100 ueroto
545 3039 619 3099 οιιιι
646 3033 686 3098 ad
709 3055 780 3097 eam
802 3030 1129 3186 philosophiamtra-

111 3125 188 3190 duot
188 3145 243 3209 ua,
270 3144 351 3208 quac
378 3122 506 3188 caelest
482 3127 565 3188 t1um
596 3123 756 3187 bonorum
786 3121 896 3208 cognit
898 3121 1004 3186 ionem
1033 3120 1129 3205 parit,

112 3212 289 3278 clarissime
319 3211 495 3297 perspexit.
546 3211 611 3276 iam
643 3210 741 3296 illam,
774 3233 855 3295 quae
892 3209 1057 3294 colligitur
1018 3229 1128 3272 urex

110 3303 281 3367 rhetorum
294 3301 485 3386 praeceptis,
500 3299 725 3386 eloquentiam,
738 3299 772 3363 in
788 3321 850 3384 qua
863 3302 956 3382 praet
958 3318 992 3360 er
942 3299 1129 3361 tectores

111 3395 208 3455 antea
226 3389 379 3455 floruerat
364 3387 559 3476 tneglexit
577 3388 735 3472 penitus
726 3389 918 3490 manemque
936 3383 1038 3470 duxit,
1056 3404 1129 3448 cum
1143 3405 1172 3446 ιι

113 3499 278 3544 sacrorum
305 3477 465 3544 librorum
497 3499 593 3542 uoces
624 3499 690 3542 non
722 3475 847 3541 aurium
875 3474 1027 3558 uoluptat
994 3473 1038 3538 ai
1067 3495 1130 3538 ser-

113 3568 190 3632 uien
191 3570 256 3654 tes,
284 3567 340 3632 sed
367 3565 484 3632 adt
435 3590 469 3632 m
470 3567 566 3632 timas
594 3567 774 3631 animorum
806 3569 915 3649 partes
946 3561 1130 3628 incredibili
