2578 3896
189 145 210 209 6
480 144 526 199 IV.
554 143 726 214 Hieronymo
745 143 908 228 Seripandp.

189 310 337 390 spectum
355 305 513 369 illustrius
531 309 640 369 tamen
663 306 761 369 etiam
784 329 824 369 ex
846 305 912 370 tuis
933 305 1053 370 litteris
1072 310 1205 393 agnoui.

191 417 256 459 non
277 394 364 458 enim
382 416 420 459 eo
439 393 542 458 solum
561 398 732 459 contentus
750 393 850 477 fuisti,
874 395 960 478 quod
983 395 1113 480 quidem
1132 402 1206 460 erat

190 506 249 567 per
272 505 306 547 se
328 504 494 568 magnum,
524 486 562 546 ut
584 505 635 546 me
658 483 693 546 in
719 483 894 546 amicitiam
916 488 1007 548 tuam
1030 484 1205 570 reciperes,

190 571 247 635 sed
274 571 362 635 aliud
394 571 492 635 etiam
518 571 695 656 ingenuum
722 571 839 635 mentis
867 576 901 635 et
927 573 1027 636 animi
1054 573 1205 639 liberalis

163 659 343 727 sindicium
365 660 519 742 attulisti,
547 659 634 743 quod
655 659 749 743 milri,
779 682 986 744 quaecunque
1014 665 1090 726 sunt
1113 664 1205 745 apud

189 752 221 812 te
257 771 276 812 a
309 749 442 812 summis
479 748 558 812 oiim
590 747 729 834 ingeniis
763 747 940 833 elaborata,
977 771 1014 813 ea
1049 754 1083 813 te
1115 751 1204 815 uelle

189 837 369 901 ostendisse
399 837 609 920 impertirem.
664 836 893 919 Quamobrem,
929 837 991 902 etsi
1028 861 1101 902 cum
1138 861 1204 926 ego

187 925 364 990 amicitiam
385 929 475 989 tuam
498 929 692 1009 expeterem,
716 947 783 990 non
805 926 845 989 ad
867 926 946 990 haec
968 927 1090 1010 aspexi,
1118 949 1205 1010 quae

187 1017 225 1077 tu
246 1035 333 1078 nunc
355 1014 585 1078 amantissimis
612 1014 722 1078 uerbis
750 1013 790 1077 ad
812 1035 865 1078 me
887 1015 1004 1098 defers,
1032 1015 1097 1079 imo
1121 1037 1203 1082 uero

148 1131 174 1172 10
187 1101 252 1166 iam
282 1102 380 1167 etiam
410 1106 568 1186 praestas:
596 1106 706 1167 tamen
736 1108 773 1166 ut
802 1124 897 1188 agam
923 1108 1032 1168 tecum
1057 1108 1126 1168 tam
1154 1105 1204 1169 in-

186 1212 304 1276 genue,
335 1189 603 1274 quemadmodum
633 1195 666 1254 et
693 1190 800 1255 studia
827 1195 939 1256 nostra
968 1192 1136 1275 requirunt
1169 1199 1203 1259 εὴ

185 1282 302 1342 natura
323 1300 395 1342 mea
417 1278 571 1364 postulet,
592 1279 816 1343 uehementius
839 1301 936 1363 quam
958 1284 1053 1344 antea
1076 1280 1116 1345 de
1138 1281 1205 1347 hoc

187 1366 222 1430 in
244 1389 295 1431 me
319 1367 426 1432 studio
449 1371 483 1432 te
506 1389 609 1432 amem
636 1389 765 1432 necesse
791 1373 848 1432 est.
895 1390 1089 1452 quamquam
1113 1369 1203 1435 enim

187 1455 266 1520 satis
296 1477 355 1539 per
386 1478 420 1520 se
450 1478 601 1542 magnam
632 1456 700 1522 uim
731 1457 772 1521 ad
804 1457 1019 1522 conciliandos
1051 1458 1202 1524 homines

147 1573 175 1615 15
187 1543 259 1628 ipsa
281 1545 386 1610 aditus
408 1545 521 1629 habet,
544 1551 665 1629 tamen,
689 1566 762 1610 cum
784 1544 939 1609 accedunt
962 1545 1025 1610 ista
1047 1546 1120 1630 ipsa
1142 1547 1202 1612 hu-

186 1633 352 1698 manitatis
376 1638 577 1716 ornamenta,
601 1656 682 1718 quae
705 1634 739 1697 in
762 1638 795 1697 te
818 1637 910 1698 tanta
933 1656 1002 1698 esse
1026 1635 1202 1720 perspicio,

185 1722 223 1784 fit
246 1722 345 1786 etiam
367 1722 532 1806 aliquanto
555 1723 612 1785 illa
635 1722 793 1786 celebrior
822 1727 854 1787 et
877 1721 1042 1787 illustrior.
1088 1723 1201 1807 itaque

186 1810 226 1873 de
249 1809 528 1875 emendationibus
550 1811 582 1874 in
607 1809 788 1895 EpistolaS,
816 1811 1000 1894 quaemihi
1023 1812 1065 1875 ab
1089 1810 1201 1876 Hono-

185 1900 256 1960 rato
288 1902 399 1962 nostro
431 1897 574 1962 redditae
604 1903 692 1984 sunt,
725 1921 854 1985 agerem
886 1899 949 1964 tibi
982 1922 1035 1964 eas
1067 1901 1201 1986 gratiaS,

147 2012 173 2052 20
187 2007 267 2067 quas
288 1986 404 2051 debere
422 2008 474 2051 me
492 1986 650 2073 intelligo,
673 1987 736 2051 nisi
754 1992 787 2052 et
806 1987 948 2053 amicitia
965 1992 1076 2053 nostra
1095 2010 1201 2074 genus

186 2072 248 2137 hoc
271 2074 426 2139 orationis
449 2097 600 2158 respuere
629 2075 767 2159 quodam
794 2077 890 2141 modo
917 2077 1082 2141 uideretur
1109 2082 1142 2141 et
1165 2082 1201 2142 te

184 2162 246 2227 hoc
279 2185 298 2227 a
329 2163 425 2228 nobis
457 2167 644 2247 exspectare
679 2186 745 2228 non
778 2165 954 2229 duceretur.
1009 2165 1201 2230 Familiares

184 2251 314 2335 quidem
338 2274 490 2317 excussae
513 2251 579 2317 iam
601 2252 759 2336 exierunt,
782 2253 838 2318 sed
856 2275 916 2338 ego
936 2253 1079 2317 animum
1098 2254 1201 2320 istum

184 2344 277 2405 tuum
312 2341 523 2407 nihilominus
560 2341 738 2425 amplector
775 2346 808 2405 et
844 2342 1020 2406 exosculor.
1066 2341 1201 2408 interim

142 2455 170 2494 aa
186 2427 259 2492 illae
283 2427 324 2492 ad
347 2450 440 2493 suum
462 2452 565 2514 usque
592 2434 722 2514 tempus
750 2429 796 2493 ita
819 2430 1070 2518 permanebunt,
1098 2434 1134 2494 ut
1157 2432 1201 2495 ad

184 2515 313 2598 priuata
336 2517 442 2580 studia
464 2518 536 2581 usui
555 2518 635 2582 mihi
658 2522 691 2581 et
707 2518 876 2583 Honorato
893 2522 1005 2582 nostro
1024 2517 1199 2601 aliquando

183 2603 258 2668 sint.
304 2625 455 2687 cuperem
483 2605 581 2669 etiam
607 2606 642 2669 in
671 2604 832 2670 Catullum
860 2606 995 2690 aliquid,
1024 2607 1059 2670 in
1082 2606 1199 2673 Teren-

183 2692 279 2776 tium,
302 2693 455 2758 Plautum
482 2697 514 2758 et
538 2693 652 2759 Officia
676 2693 845 2759 Ciceronis.
891 2695 925 2759 in
948 2694 1135 2760 Terentium
1164 2701 1198 2760 et

183 2781 336 2845 Plautum
360 2782 457 2846 etiam
480 2781 608 2846 aliunde
632 2787 793 2867 exspecto.
834 2784 869 2847 in
887 2783 1001 2849 Officia
1024 2789 1057 2848 et
1076 2783 1197 2849 Catulli

143 2893 171 2935 ao
185 2874 335 2954 poemata
372 2874 448 2935 sunt
479 2870 609 2954 quidem
645 2871 732 2956 apud
766 2894 826 2936 nos
863 2872 1093 2959 castigationes
1129 2896 1198 2939 non

184 2980 299 3042 parum
313 2958 446 3044 multae;
465 2959 521 3023 sed
539 2959 629 3024 uides
647 2960 793 3025 ardorem
811 2960 846 3024 in
863 2961 925 3025 hoo
943 2983 1060 3047 genere
1079 2984 1197 3028 meum.

184 3046 315 3111 omnino
348 3051 437 3112 totus
468 3047 503 3111 in
534 3048 596 3112 hoc
627 3071 711 3133 sum,
743 3054 780 3113 ut
812 3071 882 3113 eam
913 3050 1198 3134 exspectationem,

185 3156 267 3219 quae
301 3134 381 3199 mihi
413 3140 549 3219 propter
581 3141 749 3220 paternam
781 3136 918 3222 gloriam
951 3137 1053 3202 ueluti
1085 3141 1197 3225 grauis

185 3222 366 3288 aduersaria
389 3224 565 3289 constituta
588 3229 650 3308 est,
674 3225 700 3288 si
723 3225 793 3290 fieri
813 3227 931 3309 possit,
954 3224 1062 3310 aliqua
1084 3231 1197 3292 nostra

144 3336 171 3378 as
186 3334 258 3376 cum
287 3311 381 3376 laude
411 3312 594 3377 sustineam.
641 3334 697 3376 cur
726 3317 834 3379 autem
866 3319 933 3379 tam
964 3315 1067 3378 multa
1099 3315 1198 3381 simul

276 3510 307 3560 13
329 3504 443 3560 ‘amem'
464 3521 515 3577 pro
533 3503 639 3562 tradito
660 3504 769 3563 ‘coice’.
