2578 3896
195 213 240 278 40
454 209 555 266 XVIII.
583 208 627 262 Ad
645 208 794 264 Alfonsum
813 207 951 264 Caralam.

196 374 275 437 adeo
303 372 442 448 multum
470 393 537 436 esse
568 370 786 456 quaerendum
813 371 1067 436 existimabant·
1100 370 1213 438 eadem

195 483 282 527 nunc
318 464 374 525 aut
410 465 496 525 certe
533 459 648 524 similis
685 460 856 524 admodum
892 463 1003 524 nostra
1035 461 1117 526 ratio
1151 466 1213 526 est.

197 550 381 634 quaerimus
408 550 454 633 id,
484 549 570 633 quod
600 548 634 612 in
661 547 777 613 Latina
803 548 915 634 lingua
942 549 1122 632 perfeetum
1151 573 1211 633 pu·

197 643 311 703 tamus.
347 660 411 704 non
434 658 652 721 assequemur:
676 640 759 722 esto,
784 640 1015 720 uerumtamen,
1038 660 1101 722 quc
1125 638 1214 722 plus,

168 732 234 794 sut
256 749 476 812 assequamur,
504 724 775 806 contenderimus,
802 747 840 790 eo
864 725 987 791 scilicet
1008 727 1160 811 propius,
1184 728 1212 791 si

196 817 274 901 quid
297 815 404 881 studio
424 814 600 898 proficitur,
623 813 816 878 accedemus.
854 812 901 878 At
922 814 1045 880 laboris
1069 819 1102 880 et
1120 815 1212 879 indu-

197 905 295 970 striae
314 903 470 968 terminus
485 907 594 967 tamen
612 902 802 967 statuendus
820 902 937 987 aliquis
956 907 1013 968 est.
1049 901 1213 988 Ooneed0;

197 994 252 1059 sed
274 993 337 1058 hoc
359 992 501 1077 quidem,
529 991 557 1056 si
586 990 758 1077 diligenter
784 991 983 1076 attendatur,
1011 990 1095 1056 nihil
1123 993 1211 1057 aliud

197 1088 259 1166 est,
291 1102 388 1166 quam
418 1081 598 1164 perfectum
627 1080 734 1163 ipsum
764 1080 904 1144 definire.
956 1080 1019 1145 hoc
1050 1080 1139 1145 enim
1172 1081 1212 1144 ad

156 1195 183 1235 ιο
196 1193 297 1236 unum
326 1169 430 1234 nostri
459 1169 666 1233 laborest
617 1167 666 1232 int
668 1168 789 1232 endunt
775 1171 841 1253 tur,
872 1168 935 1233 hoc
965 1190 1067 1234 unum
1097 1175 1212 1235 nostra

197 1261 324 1343 spectat
351 1257 521 1340 industria,
553 1255 677 1339 perfect
678 1277 733 1319 um
760 1257 908 1321 autem
899 1279 1007 1341 ipsum
1038 1278 1100 1345 ego
1130 1258 1211 1322 mihi

197 1346 238 1410 ab
262 1345 448 1410 hominibus
475 1344 635 1428 imperItis
658 1348 744 1409 certe
772 1345 897 1410 definiri
923 1345 1009 1410 nolo.
1055 1345 1215 1412 definiant

196 1435 234 1518 ii,
264 1434 383 1520 quibus
410 1439 485 1498 utor
512 1433 690 1534 magistris,
718 1432 844 1518 Cicero,
872 1433 1002 1519 Caesar,
1030 1434 1161 1500 Terent
1137 1439 1212 1518 trus,

195 1524 293 1589 Plaut
279 1528 340 1588 t.us
386 1545 524 1608 quorum
546 1544 586 1587 ex
608 1522 716 1606 libris,
746 1543 827 1623 quae
850 1522 984 1587 Latinae
1010 1522 1145 1609 linguae
1168 1525 1214 1588 sit

156 1627 182 1683 ιι
197 1611 335 1700 elegant
327 1634 367 1695 ιι,
394 1634 475 1697 quae
499 1611 640 1694 ubertas,
667 1632 749 1695 quae
772 1610 831 1696 uis,
854 1610 948 1676 facile
971 1611 1095 1695 possim
1117 1613 1212 1678 intel·

120 1745 123 1750 -
196 1702 306 1789 ligere.
343 1723 424 1785 quae
448 1700 485 1784 si,
507 1723 573 1764 non
596 1699 666 1764 dico
690 1703 810 1783 quanta
829 1703 906 1764 sunt
928 1699 1101 1788 (immensa
1124 1703 1212 1766 enim

197 1812 266 1855 esse
294 1786 417 1875 uideo),
445 1787 553 1852 sed
528 1810 556 1854 ιι
584 1809 621 1852 ea
647 1788 728 1853 mihi
754 1809 873 1875 magna
899 1810 939 1852 ex
966 1792 1059 1872 parte
1083 1811 1213 1875 compa

197 1899 331 1962 rassem,
354 1877 485 1941 modum
507 1877 643 1941 fortasse
666 1877 805 1942 facerem
827 1876 934 1942 studio
958 1899 1038 1942 meo.
1085 1879 1152 1965 sed,
1175 1885 1215 1943 ut

198 1966 283 2030 inter
309 1965 383 2049 Ιιοι,
413 1964 468 2066 qui
490 1986 577 2029 nunc
599 1964 746 2030 homines
769 1965 899 2050 uiuunt,
926 1953 1048 2050 aliquid
1072 1989 1143 2032 esse
1166 1969 1212 2032 ui

196 2143 356 2227 uolumus,
374 2165 451 2227 prae
469 2142 544 2226 illis,
567 2163 704 2228 quorum
723 2147 852 2207 exstant
870 2143 949 2208 satis
967 2143 1070 2208 multa
1088 2145 1216 2231 scripta

197 2232 314 2298 diuinit
300 2237 366 2317 tus,
397 2231 493 2317 nihil,
525 2232 670 2316 inquam,
699 2231 796 2316 plane
826 2253 944 2297 sumus
990 2231 1094 2308 Quare
1124 2236 1214 2318 quod

197 2321 237 2386 ad
251 2321 457 2387 scribendum
471 2320 597 2407 attinet,
611 2321 768 2385 habemus
783 2319 919 2404 abunde,
934 2320 1022 2405 quod
1034 2320 1213 2387 ImItemur.

184 2403 245 2474 De
264 2409 533 2511 pronunciatione
554 2431 631 2474 uero
650 2408 820 2473 minimum
837 2408 959 2474 laboro.
997 2408 1076 2493 quid
1100 2411 1214 2476 enim?

156 2523 183 2564 ss
197 2519 239 2562 an
266 2497 457 2581 putamus
448 2519 482 2560 m
512 2497 552 2560 iis
582 2497 676 2596 ipsis,
708 2497 764 2581 qui
793 2501 865 2562 tum
891 2497 1013 2562 Romae
1042 2497 1214 2584 uiuebant,

196 2585 330 2650 eandem
353 2583 585 2668 pronunciandi
609 2583 767 2649 rationem
789 2585 911 2650 fuisse?
937 2608 1004 2651 non
1027 2586 1099 2650 fuit.
1138 2610 1213 2654 con-

195 2673 341 2738 fluebant
327 2672 405 2737 tin
436 2672 564 2756 urbem,
595 2671 696 2738 illecti
725 2695 784 2758 spe
814 2695 1011 2758 summorum
1041 2676 1213 2776 magistra·

195 2768 303 2845 tuum,
335 2761 421 2846 quod
452 2761 569 2825 habuit
600 2760 711 2826 illist
697 2762 901 2846 temporibus
932 2763 1113 2848 praemium
1147 2767 1211 2832 elo-

197 2850 342 2936 quentia,
371 2854 513 2915 oratores
541 2871 580 2914 ex
603 2850 754 2915 uniuersa
776 2849 884 2937 Italia;
911 2875 1039 2918 caussas
1065 2855 1213 2939 agebant

154 2940 334 3005 soRomani
356 2939 503 3004 homines
530 2939 652 3092 pariter
679 2944 776 3024 atque
803 2941 980 3027 peregrini,
1010 2963 1090 3007 sono
1118 2945 1212 3010 uocis

196 3028 380 3112 dissimiles,
410 3027 601 3111 pronunciat
602 3028 675 3093 ione
703 3029 831 3093 diuersi
877 3051 969 3095 suam
991 3034 1101 3095 tamen
1124 3033 1211 3116 quis-

196 3137 258 3201 que
281 3137 341 3199 pro
365 3138 412 3216 eo,
436 3119 591 3200 quantum
612 3117 748 3202 quisque
766 3117 925 3183 ualebat
915 3118 1057 3204 ingenio,
1079 3119 1211 3186 laudem

195 3204 329 3270 ferebat.
376 3203 403 3268 si
427 3203 566 3269 Curibus
589 3205 758 3270 educatum
785 3211 842 3272 aut
848 3205 981 3360 tArpini
1004 3210 1185 3274 orantem
1176 3233 1210 3274 ιιι

194 3293 280 3358 Foro
310 3291 448 3378 audires,
479 3291 635 3357 Sabinum
665 3293 740 3358 ιιιι
731 3317 776 3358 nn
807 3299 863 3361 aut
882 3294 1083 3380 Arpinatem
1110 3318 1210 3384 agno-

155 3405 183 3446 ιι
196 3402 309 3446 scores.
354 3402 458 3466 neque
490 3385 599 3446 tamen
630 3404 649 3445 a
680 3382 800 3448 forensi
833 3405 932 3468 opera
964 3388 1012 3449 et
1029 3406 1049 3448 a
1080 3385 1210 3451 iudiciis

196 3475 372 3554 propterea
406 3470 576 3571 quisquam
610 3473 659 3534 est
695 3471 856 3558 exclusus,
895 3471 971 3573 quia
1003 3473 1111 3539 minus
1147 3475 1211 3540 Ro-

196 3580 304 3645 mane,
336 3559 479 3626 hoct
430 3563 479 3626 est
510 3559 585 3645 quia
616 3559 723 3626 minus
755 3564 831 3644 apte
860 3561 1031 3626 minusue
1059 3561 1212 3628 decenter
