2610 3890
184 190 247 255 128
360 189 429 244 LXI.
457 187 645 258 Magdalenae
664 190 694 242 11
712 186 856 243 Leoncrae
874 184 1016 241 lustriae.

647 437 730 502 LXI.

303 600 376 665 P'ro
405 599 583 687 Collegio
613 597 891 663 Canonicorum
918 595 949 662 S.
971 596 1079 661 Petri

186 707 216 773 S.
244 708 282 773 R.
309 705 561 794 Magdalenae
592 709 630 770 et
657 705 851 769 Leonorac
880 701 1064 798 Austriae
1096 725 1201 769 soro·

477 813 588 876 ribus
610 810 760 895 spiram
783 819 840 888 (IX,
858 818 908 886 17).

161 992 174 1034 5
276 972 364 1038 Bene
396 971 512 1059 agendi
545 970 628 1035 ratio
665 969 804 1034 maxime
837 969 972 1034 discitur
1004 990 1117 1034 eormn
1150 990 1202 1033 ex·

189 1062 311 1148 emplo,
339 1083 476 1146 quorum
503 1059 646 1124 actiones
673 1057 801 1146 generis
828 1057 983 1122 nobilitas
1011 1062 1067 1121 aut
1096 1057 1202 1142 splen-

189 1152 247 1217 dor
277 1150 446 1236 dignitatis
476 1149 626 1213 illustrat.
678 1150 852 1232 propterea
887 1169 993 1231 neque
1023 1146 1203 1230 optabilius

188 1240 364 1324 quidquam
397 1241 459 1320 est,
497 1259 593 1320 quam
629 1239 667 1300 ut
699 1258 793 1322 reges
824 1235 1053 1320 principesque
1084 1235 1204 1320 reliqui

189 1328 230 1391 ad
271 1325 446 1391 ornandam
481 1325 697 1408 tuendamque
735 1323 856 1389 Christi
880 1325 1071 1410 ecclesiam,
1116 1325 1204 1388 unde

150 1434 267 1481 1011111
299 1415 386 1480 salus
418 1417 629 1498 aeternaeque
661 1413 748 1478 uitae
784 1412 922 1478 felicitas
955 1418 1097 1498 emanat,
1129 1435 1203 1478 suas

190 1527 301 1570 omnes
325 1525 430 1589 cursa,
463 1503 570 1568 omnia
593 1502 700 1568 studia
728 1503 907 1587 conferant3
940 1523 1044 1586 neque
1072 1524 1133 1567 nos
1163 1525 1203 1567 111

189 1595 256 1659 ulla
279 1617 314 1659 re
337 1593 492 1658 maiorem
515 1614 629 1678 capere
651 1591 811 1656 laetitiam
834 1591 1014 1675 potuimus,
1041 1612 1141 1674 quam
1164 1611 1204 1655 ex

189 1683 232 1748 M.
251 1683 290 1748 V.
318 1703 480 1767 propensa
509 1681 550 1745 ad
579 1680 702 1745 cultum
729 1702 767 1744 ac
795 1680 1036 1745 uenerationem
1063 1679 1205 1764 Aposto

190 1772 296 1836 lorum
328 1771 510 1855 uoluntate,
545 1773 639 1834 111111
676 1769 806 1854 quidem
845 1769 942 1834 nobis
978 1768 1112 1834 minime
1151 1769 1205 1832 du-

150 1877 176 1918 11
190 1860 246 1923 bio
279 1857 457 1923 multorum
493 1880 653 1942 sermone,
687 1879 774 1924 nunc
808 1862 917 1923 autem
948 1857 1070 1944 insigni
1103 1858 1206 1923 uestis

189 1968 305 2012 aureae
328 1969 472 2049 munere·
484 1946 652 2048 declarata.
694 1947 739 2012 Et
758 1969 952 2031 quamquam
971 1968 1047 2012 suae
1071 1946 1207 2030 pietatis

189 2039 685 2209 tldtttttffitt‘tt
698 2036 832 2209 apitii
849 2033 1207 2208 ‘difflatas

189 2219 300 2280 tamen
330 2236 391 2280 nos
424 2235 565 2299 quoque,
598 2235 639 2278 ne
672 2217 782 2298 partes
813 2217 942 2278 nostrae
975 2212 1208 2299 desiderentur,

150 2321 176 2362 2⁰
190 2304 332 2389 primum
355 2304 477 2390 gratias
501 2303 548 2367 eis
571 2301 610 2367 de
637 2302 700 2367 ista
727 2302 924 2368 liberalitate
946 2302 1073 2387 istaque
1098 2308 1209 2369 mente

191 2414 288 2476 quam
316 2392 393 2457 licet
420 2392 578 2457 maximas
607 2396 640 2455 et
670 2390 797 2478 agimus
827 2396 860 2456 11
887 2392 1058 2477 habemus,
1092 2392 1210 2457 deinde

191 2482 260 2545 fore
292 2480 495 2565 pollicemur,
528 2485 565 2545 ut
598 2483 704 2544 exstet
734 2480 784 2544 sui
814 2481 957 2546 muneris
986 2481 1145 2545 memoria
1175 2481 1211 2546 in

191 2590 293 2632 annos
327 2566 485 2651 plurimos
517 2569 602 2634 inter
634 2572 822 2634 ornamenta
858 2569 987 2654 templi,
1023 2569 1059 2634 in
1090 2569 1211 2634 animis

191 2678 268 2721 uero
298 2656 419 2721 nostris
448 2678 625 2741 numquam
654 2658 888 2744 exstinguatur.
938 2656 1073 2723 interim
1103 2658 1211 2741 proci-

152 2763 178 2805 11
192 2747 254 2810 bus
284 2745 449 2831 omnibus,
479 2750 516 2810 ut
539 2746 581 2811 M.
604 2744 643 2811 V.
673 2751 833 2832 perpetuo
861 2747 945 2812 bene
973 2747 1030 2830 sit,
1060 2768 1212 2832 quaeque
1286 2787 1287 2822 ,

192 2839 321 2921 optant,
349 2835 487 2900 feliciter
515 2857 733 2919 prospereque
762 2835 926 2920 eueniant,
954 2858 973 2900 a
996 2835 1129 2900 caelesti
1153 2858 1214 2900 nu-

191 2925 277 2989 mine
301 2928 458 3008 petemus,
504 2923 639 3008 Romae,
662 2923 763 2990 XVTI.
786 2925 857 2990 Κ11.
880 2923 946 2989 Ian.
970 2923 1152 2990 MDLXIX.

594 3228 807 3236 —-——...
