2578 3896
207 213 228 276 2
303 225 308 230 “
406 229 411 234 ·
544 213 577 268 ll.
605 212 716 266 Aniano
735 213 885 283 Burgonio

207 373 379 440 methodus
394 375 557 459 quaedam,
577 397 674 460 quam
693 374 898 440 seruantibus
913 375 1059 442 salubres
1074 377 1226 444 dicuntur

208 486 291 529 esse:
320 464 493 548 permistae
516 485 590 528 cum
612 464 774 528 imbribus
797 467 1001 549 putrescunt,
1024 467 1120 552 graui
1144 469 1225 552 peri·

209 554 282 618 culo
310 553 502 618 bibentium.
548 574 607 616 nos
634 574 746 636 porro,
776 574 794 616 ο
823 551 939 638 Lolge,
969 554 1025 636 qui
1053 554 1225 621 didicimus

208 664 226 705 a
253 641 458 726 philosophis
489 641 608 705 bonam
638 640 856 705 ualetudinem
886 645 1038 725 expetere
1066 643 1225 728 sapientis

180 752 286 815 sesse,
309 730 401 794 ualde
425 730 459 792 in
477 729 538 793 hac
557 729 686 812 quidem
704 733 797 813 parte
816 729 960 813 sapimus
979 735 1020 815 et,
1043 734 1081 794 ut
1100 733 1225 816 optime

207 819 384 902 ualeamus,
424 821 584 901 accurate,
625 839 833 902 quaecunque
870 817 956 882 uires
991 822 1128 884 tuentur
1171 827 1225 885 aut

207 912 342 994 augent,
372 906 609 990 persequimur,
642 928 723 990 quac
753 927 848 990 posse
878 905 1031 971 uidentur
1059 907 1225 974 infirmare

207 1018 244 1060 ac
266 996 423 1080 minuere,
454 994 658 1059 declinamus.
700 994 810 1077 itaque
838 994 878 1058 ad
906 996 1097 1060 balneorum
1127 999 1224 1062 medi-

208 1085 312 1149 cinam
334 1106 400 1148 non
423 1083 514 1167 prius
537 1083 732 1165 accedemus,
756 1104 852 1167 quam
876 1083 909 1147 id
932 1089 965 1147 11
987 1088 1060 1148 tuto
1084 1089 1118 1148 et
1144 1087 1225 1150 salu-

166 1196 193 1236 10
206 1173 321 1237 tariter
342 1172 413 1236 fieri
435 1193 531 1256 posse
553 1171 783 1257 intelligamus.
819 1192 904 1236 nunc
929 1172 1058 1255 quidem
1081 1172 1226 1238 alienum

207 1264 336 1344 tempus
355 1264 412 1324 est.
445 1260 545 1345 uides,
566 1282 647 1343 quae
666 1259 807 1344 pluuias,
830 1282 927 1344 quam
946 1283 1048 1344 paene
1067 1261 1226 1327 hiemales

208 1348 283 1414 dies.
329 1350 408 1413 haec
438 1348 514 1413 dum
543 1349 590 1412 ita
620 1370 654 1413 se
683 1349 820 1433 habent,
852 1371 911 1413 nos
941 1349 1226 1432 opportunitatem

207 1442 391 1522 spectantes
414 1437 448 1501 in
471 1437 522 1502 his
546 1437 676 1521 oppidis
700 1441 733 1501 11
756 1437 879 1501 uillulis
902 1437 1038 1501 iucunde
1062 1438 1144 1503 satis
1170 1441 1226 1504 ob-

207 1526 393 1592 errabimus.
436 1527 522 1611 quod
550 1526 702 1611 quoniam
731 1548 828 1611 quam
855 1525 1043 1590 diuturnum
1071 1526 1114 1591 sit
1139 1529 1226 1592 futu-

166 1639 193 1680 15
207 1638 279 1680 rum
303 1616 446 1681 diuinare
466 1615 597 1680 difficile
621 1619 670 1679 est
694 1620 726 1680 11
745 1637 815 1700 ego,
838 1614 915 1678 dum
933 1619 965 1705 te
986 1636 1086 1699 careo,
1110 1617 1227 1681 multis

208 1704 492 1769 commoditatibus
520 1726 584 1766 una
612 1725 717 1783 careo,
746 1708 861 1788 tuque,
888 1707 924 1767 ut
952 1703 1054 1767 ternis
1080 1703 1148 1768 iam
1172 1705 1226 1768 lit-

207 1792 285 1857 teris
309 1792 489 1877 significare
513 1791 642 1874 uideris,
664 1813 730 1856 non
753 1791 831 1856 abes
854 1814 941 1855 ame
965 1791 1033 1856 sine
1058 1792 1226 1857 molestia:

207 1902 278 1945 mea
301 1902 412 1944 caussa
434 1901 528 1965 rog0,
551 1884 608 1943 tua
631 1881 757 1964 hortor,
785 1884 835 1965 ut,
859 1901 1054 1964 quamquam
1076 1882 1228 1946 nondum

208 1968 421 2052 consedimus,
445 1973 570 2033 mature
593 1972 715 2054 tamen,
737 1968 800 2033 nisi
824 1969 901 2053 quid
920 1968 1051 2055 grauius
1075 1969 1230 2055 impedit,

167 2083 192 2122 1ο
207 2062 358 2123 reuertas.
398 2062 430 2122 et
454 2062 491 2121 111
514 2057 608 2141 scias,
636 2080 699 2141 quo
728 2080 779 2121 me
806 2057 877 2122 loco
907 2057 1077 2122 conuenire
1105 2059 1229 2143 possiS,

206 2147 290 2212 Pisis
321 2147 361 2210 ad
389 2146 461 2212 idus
491 2145 600 2211 Iunias
631 2150 663 2209 et
691 2147 789 2230 ultra,
820 2150 856 2210 ut
887 2146 1015 2231 opinor,
1045 2145 1228 2231 aliquant0,

207 2237 262 2302 sed
285 2236 325 2300 ad
348 2236 420 2301 idus
443 2235 551 2301 Iunias
579 2239 664 2299 certe
693 2234 971 2299 commorabimur.
1017 2233 1112 2318 Vale,
1135 2233 1227 2300 Pisis

207 2324 414 2409 [1111111111.

691 2675 729 2740 Η.

166 2845 191 2884 25
521 2815 669 2882 Aniano
697 2817 903 2904 Burgonio.

296 2957 330 3023 Si
349 2958 429 3022 mihi
449 2981 507 3042 per
522 2959 655 3044 negotia
673 2958 826 3045 licuisset,
844 2959 1082 3044 respondissem
1100 2959 1222 3024 litteris

206 3046 272 3110 tuis
300 3051 333 3111 et
360 3047 455 3111 citius
484 3051 516 3111 11
544 3048 684 3112 uberius.
725 3071 810 3114 nunc
838 3049 899 3113 etsi
926 3071 991 3113 non
1017 3047 1124 3113 minus
1149 3071 1221 3132 pre-

206 3135 318 3199 mebar
341 3135 455 3200 iisdem
479 3135 760 3221 occupationibus,
788 3141 897 3202 tamen
924 3159 997 3201 cum
1021 3142 1053 3200 et
1077 3141 1221 3202 ueterem

205 3227 351 3288 nostram
382 3223 645 3289 consuetudinem
674 3247 777 3289 essem
804 3225 991 3314 diligentius
1019 3248 1145 3291 mecum
1172 3248 1220 3289 re·

165 3339 192 3381 11
207 3313 356 3377 cordatus
380 3317 413 3377 et
436 3312 578 3377 uiderem
597 3313 737 3379 alienum
755 3316 796 3380 ab
816 3313 975 3381 institutis
994 3314 1083 3400 meis,
1108 3315 1135 3379 si
1159 3336 1221 3399 ego

297 3509 330 3559 20
352 3506 500 3562 ‘reuertas'
521 3505 561 3560 sic
581 3506 728 3564 etiamtum
746 3508 776 3562 in
794 3505 917 3562 editione
933 3505 1000 3559 anni
1017 3512 1086 3561 1573
1106 3505 1220 3576 legitur.

204 3607 238 3618 -
254 3581 288 3632 25
308 3577 349 3632 Ex
364 3578 546 3651 epistularum
562 3580 716 3651 appendice
732 3576 849 3634 editioni
864 3575 1039 3632 mansiones
1054 3577 1167 3632 adiecto
1176 3578 1219 3646 (l).
