2578 3896
182 197 225 262 52
345 233 348 240 ,
480 193 587 250 XXIII.
614 191 764 249 Vincentio
776 192 897 254 ,Stellae

183 357 343 440 hauriam,
366 378 439 422 cum
461 378 614 440 praesens
637 358 840 440 praesentem
863 353 1022 438 alloquar,
1050 353 1200 440 uolupta-

156 453 158 458 '
184 445 276 514 tem?
318 445 415 510 dilexi
439 444 601 529 equidem,
624 466 643 508 a
667 466 730 528 quo
754 443 896 527 primum
919 442 970 508 die
993 445 1026 506 te
1051 444 1201 529 cognoui,

184 539 259 602 tuos
285 556 404 619 mores,
433 537 523 598 tuam
551 536 685 597 naturae
713 531 898 598 comitatem
927 552 964 594 ac
994 531 1200 598 suauitatem.

186 623 364 688 doctrinam
384 645 475 707 uero,
498 621 678 708 ingenium,
701 619 893 686 industriam
916 619 1048 702 suspexi
1071 642 1201 704 semper

159 712 351 796 sextulique
381 710 532 776 laudibus
561 710 601 776 ad
630 708 762 774 caelum.
807 730 866 776 nec
896 707 1020 774 iniuria.
1065 731 1144 775 nam
1175 709 1200 774 si

182 801 348 876 Romanae
370 799 500 885 linguae
524 797 668 864 studium
687 797 790 864 colere
814 799 847 860 et
865 796 1027 864 illustrare
1045 796 1119 863 laus
1139 802 1201 864 est:

169 889 258 974 ,quis
280 889 342 954 hoc
367 893 400 952 te
427 890 576 952 uno-'aut
604 885 729 952 curauit
756 884 933 951 studiosius
959 888 1065 951 aetate
1089 890 1202 952 nostra

185 981 241 1043 aut
271 976 465 1042 cumulatius
494 974 681 1060 praestitit?
723 996 783 1060 ego
814 973 898 1060 ipse,
931 995 1027 1058 quem
1057 978 1098 1038 tu
1132 997 1200 1042 esse

185 1065 308 1150 aliquid
337 1065 387 1130 uis
416 1065 451 1128 in
479 1065 540 1130 hac
569 1062 684 1128 Latine
714 1062 874 1129 scribendi
904 1062 1059 1127 facultate
1089 1101 1136 1110 -
1168 1065 1201 1129 111

144 1175 171 1214 10
184 1177 250 1238 quo
272 1175 399 1238 uereor,
427 1174 468 1218 ne
496 1156 529 1217 te
556 1152 649 1217 fallat
676 1173 778 1236 amor,
806 1173 887 1232 nam⁴
905 1151 1059 1218 iudicium
1087 1151 1124 1216 in
1148 1152 1201 1218 du·

185 1243 276 1308 bium
289 1263 404 1306 uocare
422 1262 489 1306 non
507 1240 608 1306 debeo
624 1277 667 1288 -
682 1241 746 1326 sed,
760 1241 788 1306 si
807 1240 983 1325 quiderm,
1003 1240 1144 1324 quadam
1162 1263 1202 1308 ex

184 1333 278 1415 parte
308 1330 346 1394 de
376 1333 434 1394 tuo
465 1330 555 1396 fonte
583 1328 672 1395 fluxi.
721 1329 890 1394 thesauros
920 1329 1007 1397 enim
1036 1327 1202 1396 Ciceronis

185 1440 296 1484 omnes
324 1418 359 1482 in
385 1417 443 1484 illo
471 1417 635 1502 praeclaro
663 1422 793 1483 tuarum
820 1417 1087 1485 obseruationum
1113 1417 1201 1484 libro

183 1511 356 1594 congestos
385 1507 492 1591 reperi
523 1511 555 1572 01
584 1529 662 1572 usus
692 1529 764 1572 sum
788 1506 892 1571 facile.
938 1528 1019 1590 quos
1046 1505 1201 1593 colligere

144 1613 170 1656 15
185 1596 347 1680 dispersos
370 1595 518 1662 immensi
540 1595 664 1672 laboris
686 1595 801 1661 fuisset
815 1617 852 1660 ac
870 1594 1036 1678 temporis.
1071 1595 1202 1662 Laudas

184 1685 286 1771 igitur
316 1683 508 1750 beneficium
537 1688 644 1769 tuum,
677 1706 749 1750 cum
778 1705 830 1748 me
859 1683 971 1750 laudas
999 1687 1032 1748 et
1059 1684 1202 1767 quodam

184 1774 279 1839 modo
310 1773 453 1857 praemia
483 1772 572 1857 capis
599 1772 788 1838 meritorum
814 1776 953 1847 tuorum.
993 1772 1043 1838 De
1069 1772 1143 1838 loco
1167 1773 1202 1838 in

186 1861 331 1926 oratione
353 1883 412 1945 pro
432 1859 543 1926 Sextio
563 1861 710 1945 disputas
733 1859 857 1926 erudite
879 1883 939 1926 nec
962 1859 1118 1926 aiudioio
1142 1865 1202 1928 tuo

184 1971 256 2014 mea
279 1949 440 2034 discrepat
464 1949 583 2034 opinio
625 1949 777 2035 quiddam
799 1953 909 2014 tamen
932 1952 1088 2034 superest,
1113 1950 1203 2034 quod

143 2058 172 2098 10
185 2060 237 2103 me
259 2038 377 2104 leuiter
399 2042 533 2125 pungat.
543 2061 643 2142 Aua
666 2039 705 2102 de
731 2061 766 2103 re
793 2059 866 2104 cum
889 2038 1009 2104 erimus
1030 2037 1117 2104 111101
1138 2061 1203 2104 nos

185 2127 350 2212 collocuti,
373 2127 426 2192 uel
449 2148 510 2214 ego
533 2131 623 2192 tuam
646 2127 853 2212 sententiam,
875 2131 913 2192 ut
935 2149 1057 2210 ueram,
1084 2126 1139 2192 uel
1163 2131 1203 2194 tu

183 2239 287 2318 meam
310 2216 600 2320 sequerisgratiae
624 2215 748 2316 saltem·
762 2237 881 2317 caussa.
900 2215 1003 2367 dVale
1027 2218 1060 2368 qq
1081 2214 1204 2316 101110-

183 2304 416 2459 ll'riffl
430 2302 1006 2477 ittiltttlttulffsstt:
1025 2325 1204 2460 istit?

143 2499 170 2540 cs
183 2479 235 2545 bis
259 2481 396 2546 salutem
419 2481 592 2564 plurimam
615 2480 721 2547 dicito.
766 2479 886 2546 Asulae
911 2479 1105 2566 [MDLVH].

583 2685 796 2698 nt——n-q-——n

631 2832 746 2900 XXHI.

324 2958 534 3025 Vincentio
562 2955 708 3026 Stellae
734 2957 906 3025 Brixiam
935 2968 1054 3039 (II,1e).

272 3081 501 3166 Superioribus
527 3081 655 3166 diebus,
678 3104 742 3166 quo
765 3083 870 3170 magis
893 3082 1052 3148 incitabar
1076 3085 1204 3170 cupidi·

182 3175 251 3236 tate
273 3170 423 3236 ueniendi
446 3171 487 3238 ad
508 3174 542 3237 te
565 3170 779 3255 uisendaeque
802 3171 907 3257 urbis,
934 3175 972 3237 ut
994 3171 1103 3258 audie,
1127 3175 1203 3258 pul·

273 3351 307 3402 23
328 3345 490 3418 ‘Episcopo’
511 3343 651 3402 Casertse.
670 3374 705 3388 -
724 3351 759 3402 25
780 3345 907 3402 ‘Asulae’
927 3345 1031 3402 Paulus
1050 3345 1202 3403 Manutius

182 3417 212 3470 in
231 3433 263 3472 eo
283 3414 401 3486 oppido,
420 3416 451 3471 111
469 3434 525 3486 quo
544 3416 632 3470 frater
650 3415 710 3472 eius
732 3419 871 3473 maximus
890 3419 973 3490 natu,
995 3416 1141 3473 Manutius
1162 3420 1202 3474 de

179 3487 452 3630 ffiffigss'dzegigm
470 3504 503 3543 ao
522 3486 695 3544 domicilium
717 3489 863 3559 posuerat,
884 3487 1034 3560 aliquoties
1054 3505 1118 3545 cum
1138 3489 1202 3544 suis
