2610 3890
425 151 545 207 LXVlll.
568 151 668 207 Ioanni
686 149 809 206 Cratoni.
1062 148 1126 214 143

109 312 219 401 gulari
243 311 353 378 diuino
376 335 508 379 munere
531 314 671 398 patriam
690 312 800 397 adepti
818 311 995 377 redibimus
1013 311 1054 376 ad
1072 310 1129 376 illa

112 401 278 488 praeclara
301 401 420 487 studia,
448 404 532 467 unde
561 403 721 467 discedere
748 424 814 466 non
842 400 1001 486 oportuit,
1029 401 1129 465 omni-

113 513 177 576 que
200 512 333 575 prorsus
357 513 433 556 cura
455 491 558 574 uacui,
581 491 670 556 nullo
694 490 884 574 cuiusquam
906 488 1053 573 imperio,
1076 512 1129 553 ex-

113 579 212 646 clusis
236 579 342 663 etiam,
365 579 393 644 si
416 578 533 665 licet,‘
524 580 711 664 mterpcllat
697 579 836 665 toribus3
868 578 896 642 si
918 600 985 642 non
1007 577 1129 664 licebit,

11 669 12 726 ι
110 689 188 734 rure
215 668 334 754 abditi,
366 668 489 733 salubri
521 669 631 753 aliquo
663 672 695 733 et
723 631 857 732 amoario
884 667 956 732 loco
986 630 1170 732 fruemuia

110 755 281 822 liberrimo
306 720 469 842 obio‚t
414 757 469 822 litt
470 757 569 822 erulis
591 762 665 823 nost
666 757 724 840 ris,
752 777 948 842 operamque
971 755 1130 838 dabimus,

113 847 273 930 quantum
300 845 336 910 in
361 846 457 910 nobis
485 847 559 932 erit,
586 851 636 930 ut,
664 846 750 930 quod
778 845 932 910 amissum
960 848 1009 909 est
1036 849 1131 909 antea

113 934 282 1020 temporis,
299 956 366 999 non
379 933 413 998 id
427 935 558 1019 quidem
576 938 691 1018 totum,
710 933 781 1022 (qui
796 934 883 999 enim
900 933 969 997 fieri
983 931 1131 1020 potest‘l)

113 1021 271 1088 nonnulla
297 1027 407 1087 tamen
435 1045 475 1088 ex
502 1026 596 1107 parte
624 1023 779 1088 sarciatur
806 1027 839 1087 et
862 1022 1004 1107 aliquem
1027 1023 1132 1087 adhuc

11 1123 12 1196 ι
113 1135 157 1176 ex
190 1111 349 1176 industria
380 1113 522 1178 fructum
554 1118 630 1197 post
616 1112 729 1177 toritas
766 1112 882 1196 capiat,
936 1111 1131 1176 Valetudine
1147 1135 1173 1174 ιο

114 1201 212 1265 modo
239 1204 370 1265 utamur
397 1201 577 1285 commoda,
610 1223 674 1286 qua
705 1222 791 1265 nunc
824 1199 954 1266 omnino
979 1222 1133 1286 caremus,

11 1285 12 1298 ¹
113 1293 230 1389 erepta
259 1289 430 1354 laboribus
457 1289 524 1354 illis
555 1289 718 1374 animique
751 1289 849 1374 curis,
882 1311 964 1374 quaa
996 1290 1133 1355 nimium

11 1383 12 1388 ’
116 1377 249 1442 omnino
281 1399 411 1464 graues,
442 1378 580 1443 nimium
617 1379 687 1442 diut
673 1383 786 1442 turnae
823 1379 962 1442 fuerunt
1016 1379 1133 1443 Febris

11 1537 12 1548 χ
115 1465 265 1531 discessit
287 1472 363 1550 post
386 1488 504 1532 nouem
527 1467 657 1530 tandem
680 1487 816 1550 menses,
838 1467 895 1530 sed
912 1465 1028 1551 inedia,
1050 1489 1134 1531 mor-

11 1613 12 1616 ,
117 1556 175 1640 bo,
208 1577 366 1640 maerore,
398 1556 439 1619 ad
474 1554 665 1620 horribilem
701 1577 805 1639 prope
840 1553 976 1618 maciem
1013 1518 1132 1618 iedacti
1148 1579 1174 1619 ιι

11 1651 12 1676 ¹
117 1665 245 1729 sumus,
274 1645 424 1728 quodque
452 1643 600 1708 miserius
633 1643 730 1708 etiam
758 1648 820 1730 est,
847 1643 957 1706 aluum
984 1665 1134 1729 purgare,

117 1732 181 1798 nisi
209 1731 362 1797 accedant
389 1733 589 1798 extrinsecus
616 1733 814 1819 adiumenta,
842 1753 1019 1816 numquam
1048 1732 1134 1796 licet.

11 1825 12 1836 ¹
117 1821 205 1886 Huic
232 1820 375 1886 ariditati
403 1821 564 1887 asininum
587 1821 637 1886 lac
660 1822 813 1906 prodesse
841 1821 875 1885 in
897 1820 1013 1905 primis
1039 1843 1135 1906 posse

116 1931 223 1994 nequa
246 1909 323 1974 huic
345 1909 486 1975 remedio
509 1910 613 1974 ullum
636 1914 801 1995 praestare
824 1910 910 1975 inter
937 1933 1048 1975 omnes
1071 1933 1135 1975 me-

11 2023 12 2078 }
117 1999 208 2063 dicos
228 1999 388 2063 conuenit.
428 1997 467 2063 In
490 1999 563 2064 cibo
583 1999 667 2064 sicca
686 1999 794 2064 omnia
812 1999 979 2085 damnant,
1001 1999 1135 2063 humida
1149 2024 1176 2065 ao

11 2159 13 2190 ι
119 2089 272 2172 probant,
290 2087 482 2172 praesertim
501 2109 583 2172 quae
597 2087 704 2152 facilia
722 2087 788 2152 sint
807 2087 847 2152 ad
861 2088 1135 2171 concoquendum.

11 2195 12 2258 3
118 2177 211 2242 Ροιιο
230 2197 382 2262 magnam
395 2198 488 2260 spem
501 2176 536 2240 in
550 2197 662 2241 eorum
680 2176 835 2260 consiliis,
853 2175 1009 2240 maiorem
1026 2179 1137 2239 tamen

11 2297 12 2336 ῑ
118 2265 155 2330 in
178 2265 277 2330 animi
300 2264 551 2351 tranquillitate,
578 2265 613 2330 in
635 2265 790 2349 adspectu
812 2285 971 2348 meorum,
998 2263 1033 2327 in
1056 2264 1136 2328 caeli

118 2353 220 2438 patrii
248 2353 448 2418 salubritate.
495 2353 632 2437 denique
670 2354 710 2416 ad
745 2352 1000 2438 omnipotentem
1031 2352 1137 2417 Deum

119 2442 230 2508 omnia
252 2441 366 2506 refero.
405 2442 562 2526 quidquid
585 2441 745 2526 acciderit,
768 2441 837 2506 eius
856 2441 1017 2507 uoluntati
1035 2441 1137 2508 liben-
1151 2464 1177 2505 aa

119 2536 172 2594 ter
196 2531 404 2615 acquiescam.
449 2531 539 2596 Haec
562 2531 601 2594 de
624 2534 712 2595 statu
733 2535 859 2615 nostro,
886 2531 1011 2596 utinam
1035 2533 1139 2616 quoti-

120 2619 172 2683 die
200 2619 344 2694 laetiora.
394 2621 481 2703 quod
512 2619 658 2683 futurum
691 2642 783 2704 spero
812 2624 844 2684 et
872 2643 948 2685 sane
975 2625 1033 2685 tua
1063 2643 1139 2704 quo-

122 2729 186 2792 que
202 2730 314 2772 caussa
335 2708 440 2792 cupio.
477 2707 615 2773 Necesse
635 2712 684 2772 est
703 2709 798 2790 enirn,
818 2730 915 2791 quem
933 2708 1028 2773 ualde
1043 2731 1139 2794 ames,

11 2855 12 2864 ,
120 2796 185 2884 (sic
209 2797 296 2861 enim
313 2796 394 2860 mihi
417 2796 482 2860 iam
501 2793 662 2882 persuasi)
685 2797 724 2859 de
743 2818 781 2860 eo
800 2796 893 2860 ualde
911 2801 944 2860 te
964 2796 1140 2861 sollicitum

121 2906 201 2949 esse.
237 2882 290 2948 Ad
312 2885 403 2949 illam
426 2885 624 2970 superiorem
638 2885 823 2969 epistolam,
845 2884 968 2950 Romae
988 2885 1141 2969 scriptam
1154 2907 1181 2948 aa

121 2973 274 3056 pluribus
292 2974 412 3060 uerbis,
431 2978 577 3057 expecta
591 2973 669 3058 quid
686 2974 889 3058 respondeas.
925 2973 1015 3042 Vale.
1038 2974 1141 3041 Vene-

121 3061 187 3126 tiis.
210 3061 249 3128 X.
272 3063 342 3128 Kal.
365 3062 449 3129 Nou.
472 3063 633 3128 MDLXX.

527 3349 740 3356 -ffl-——q
