<?xml version="1.0" encoding="UTF-8"?>
<!DOCTYPE html PUBLIC "-//W3C//DTD XHTML 1.0 Transitional//EN"
    "http://www.w3.org/TR/xhtml1/DTD/xhtml1-transitional.dtd">
<html xmlns="http://www.w3.org/1999/xhtml" xml:lang="en" lang="en">
 <head>
  <title>
</title>
<meta http-equiv="Content-Type" content="text/html;charset=utf-8" />
  <meta name='ocr-system' content='tesseract 3.04.00' />
  <meta name='ocr-capabilities' content='ocr_page ocr_carea ocr_par ocr_line ocrx_word'/>
</head>
<body>
  <div class='ocr_page' id='page_1' title='image "./epistulaeselect00fickgoog_0162.png"; bbox 0 0 2610 3890; ppageno 0'>
   <div class='ocr_carea' id='block_1_1' title="bbox 411 200 1136 430">
    <p class='ocr_par' dir='ltr' id='par_1_1' title="bbox 411 200 1136 430">
     <span class='ocr_line' id='line_1_1' title="bbox 411 200 1136 272; baseline 0.026 -19"><span class='ocrx_word' id='word_1_1' title='bbox 411 200 519 259; x_wconf 85' lang='lat' dir='ltr'>LXXII.</span> <span class='ocrx_word' id='word_1_2' title='bbox 547 201 676 257; x_wconf 79' lang='lat' dir='ltr'><strong>Andreae</strong></span> <span class='ocrx_word' id='word_1_3' title='bbox 695 202 848 260; x_wconf 74' lang='lat' dir='ltr'><strong>Antonino,</strong></span> <span class='ocrx_word' id='word_1_4' title='bbox 1069 207 1136 272; x_wconf 83' lang='lat'><strong>149</strong></span> 
     </span>
     <span class='ocr_line' id='line_1_2' title="bbox 563 363 690 430; baseline 0.016 -2"><span class='ocrx_word' id='word_1_5' title='bbox 563 363 690 430; x_wconf 84' lang='lat' dir='ltr'><strong>LXXH.</strong></span> 
     </span>
    </p>
   </div>
   <div class='ocr_carea' id='block_1_2' title="bbox 248 465 1003 553">
    <p class='ocr_par' dir='ltr' id='par_1_2' title="bbox 248 465 1003 553">
     <span class='ocr_line' id='line_1_3' title="bbox 248 465 1003 553; baseline 0.011 -22"><span class='ocrx_word' id='word_1_6' title='bbox 248 465 424 533; x_wconf 82' lang='lat' dir='ltr'><strong>Andreae</strong></span> <span class='ocrx_word' id='word_1_7' title='bbox 451 467 650 536; x_wconf 74' lang='lat' dir='ltr'><strong>Antonino</strong></span> <span class='ocrx_word' id='word_1_8' title='bbox 680 469 879 536; x_wconf 89' lang='lat' dir='ltr'><strong>Ostianum</strong></span> <span class='ocrx_word' id='word_1_9' title='bbox 908 482 952 553; x_wconf 86' lang='lat' dir='ltr'><strong>(X,</strong></span> <span class='ocrx_word' id='word_1_10' title='bbox 967 483 1003 549; x_wconf 80' lang='lat' dir='ltr'><strong>e).</strong></span> 
     </span>
    </p>
   </div>
   <div class='ocr_carea' id='block_1_3' title="bbox 111 591 1174 1036">
    <p class='ocr_par' dir='ltr' id='par_1_3' title="bbox 111 591 1174 1036">
     <span class='ocr_line' id='line_1_4' title="bbox 206 591 1134 682; baseline 0.008 -25"><span class='ocrx_word' id='word_1_11' title='bbox 206 591 279 657; x_wconf 88' lang='lat' dir='ltr'><strong>Nisi</strong></span> <span class='ocrx_word' id='word_1_12' title='bbox 310 613 361 655; x_wconf 91' lang='lat' dir='ltr'><strong>me</strong></span> <span class='ocrx_word' id='word_1_13' title='bbox 388 591 482 656; x_wconf 87' lang='lat' dir='ltr'><strong>ualde</strong></span> <span class='ocrx_word' id='word_1_14' title='bbox 511 615 648 678; x_wconf 78' lang='grc'><strong>01110100,</strong></span> <span class='ocrx_word' id='word_1_15' title='bbox 679 595 765 678; x_wconf 93' lang='lat' dir='ltr'><strong>quod</strong></span> <span class='ocrx_word' id='word_1_16' title='bbox 792 595 904 660; x_wconf 89' lang='lat' dir='ltr'><strong>multis</strong></span> <span class='ocrx_word' id='word_1_17' title='bbox 932 600 1134 682; x_wconf 79' lang='lat' dir='ltr'><strong>argumentis</strong></span> 
     </span>
     <span class='ocr_line' id='line_1_5' title="bbox 111 679 1132 768; baseline 0.006 -22"><span class='ocrx_word' id='word_1_18' title='bbox 111 679 276 764; x_wconf 81' lang='lat' dir='ltr'><strong>intellexi,</strong></span> <span class='ocrx_word' id='word_1_19' title='bbox 314 679 471 744; x_wconf 85' lang='lat' dir='ltr'><strong>subirasci</strong></span> <span class='ocrx_word' id='word_1_20' title='bbox 504 685 536 745; x_wconf 90' lang='lat' dir='ltr'><strong>te</strong></span> <span class='ocrx_word' id='word_1_21' title='bbox 568 682 649 745; x_wconf 88' lang='lat' dir='ltr'><strong>mihi</strong></span> <span class='ocrx_word' id='word_1_22' title='bbox 687 683 861 767; x_wconf 82' lang='lat' dir='ltr'><strong>crederem,</strong></span> <span class='ocrx_word' id='word_1_23' title='bbox 895 685 981 768; x_wconf 91' lang='lat' dir='ltr'><strong>quod</strong></span> <span class='ocrx_word' id='word_1_24' title='bbox 1012 685 1132 752; x_wconf 90' lang='lat' dir='ltr'><strong>litteris</strong></span> 
     </span>
     <span class='ocr_line' id='line_1_6' title="bbox 111 768 1174 857; baseline 0.008 -23"><span class='ocrx_word' id='word_1_25' title='bbox 111 769 183 834; x_wconf 90' lang='lat' dir='ltr'><strong>tuis</strong></span> <span class='ocrx_word' id='word_1_26' title='bbox 206 768 425 833; x_wconf 85' lang='lat' dir='ltr'><strong>amantissime</strong></span> <span class='ocrx_word' id='word_1_27' title='bbox 449 769 579 854; x_wconf 85' lang='lat' dir='ltr'><strong>scriptis</strong></span> <span class='ocrx_word' id='word_1_28' title='bbox 606 770 689 834; x_wconf 87' lang='lat' dir='ltr'><strong>nihil</strong></span> <span class='ocrx_word' id='word_1_29' title='bbox 715 793 870 855; x_wconf 88' lang='lat' dir='ltr'><strong>umquem</strong></span> <span class='ocrx_word' id='word_1_30' title='bbox 900 773 1130 857; x_wconf 86' lang='lat' dir='ltr'><strong>responderim.</strong></span> <span class='ocrx_word' id='word_1_31' title='bbox 1158 801 1174 842; x_wconf 82' lang='lat' dir='ltr'><strong>s</strong></span> 
     </span>
     <span class='ocr_line' id='line_1_7' title="bbox 112 857 1132 948; baseline 0.006 -26"><span class='ocrx_word' id='word_1_32' title='bbox 112 858 173 922; x_wconf 91' lang='lat' dir='ltr'><strong>sed</strong></span> <span class='ocrx_word' id='word_1_33' title='bbox 196 857 237 943; x_wconf 90' lang='lat' dir='ltr'><strong>si,</strong></span> <span class='ocrx_word' id='word_1_34' title='bbox 260 879 316 922; x_wconf 88' lang='lat' dir='ltr'><strong>eur</strong></span> <span class='ocrx_word' id='word_1_35' title='bbox 339 857 446 922; x_wconf 85' lang='lat' dir='ltr'><strong>officio</strong></span> <span class='ocrx_word' id='word_1_36' title='bbox 470 858 640 945; x_wconf 75' lang='lat' dir='ltr'><strong>defuerim,</strong></span> <span class='ocrx_word' id='word_1_37' title='bbox 663 860 788 943; x_wconf 85' lang='lat' dir='ltr'><strong>audias,</strong></span> <span class='ocrx_word' id='word_1_38' title='bbox 810 882 876 924; x_wconf 92' lang='lat' dir='ltr'><strong>non</strong></span> <span class='ocrx_word' id='word_1_39' title='bbox 900 861 1028 948; x_wconf 90' lang='lat' dir='ltr'><strong>dubito,</strong></span> <span class='ocrx_word' id='word_1_40' title='bbox 1053 863 1132 947; x_wconf 91' lang='lat' dir='ltr'><strong>quin</strong></span> 
     </span>
     <span class='ocr_line' id='line_1_8' title="bbox 113 946 1131 1036; baseline 0.005 -25"><span class='ocrx_word' id='word_1_41' title='bbox 113 946 205 1011; x_wconf 91' lang='lat' dir='ltr'><strong>omni</strong></span> <span class='ocrx_word' id='word_1_42' title='bbox 241 967 292 1010; x_wconf 90' lang='lat' dir='ltr'><strong>me</strong></span> <span class='ocrx_word' id='word_1_43' title='bbox 325 967 458 1029; x_wconf 88' lang='lat' dir='ltr'><strong>prorsus</strong></span> <span class='ocrx_word' id='word_1_44' title='bbox 495 949 527 1010; x_wconf 90' lang='lat' dir='ltr'><strong>et</strong></span> <span class='ocrx_word' id='word_1_45' title='bbox 563 947 810 1012; x_wconf 75' lang='lat' dir='ltr'><strong>inhumanitatis</strong></span> <span class='ocrx_word' id='word_1_46' title='bbox 847 953 880 1012; x_wconf 93' lang='lat' dir='ltr'><strong>et</strong></span> <span class='ocrx_word' id='word_1_47' title='bbox 911 949 1131 1036; x_wconf 86' lang='lat' dir='ltr'><strong>negligentiae</strong></span> 
     </span>
    </p>
   </div>
   <div class='ocr_carea' id='block_1_4' title="bbox 111 1033 1170 3331">
    <p class='ocr_par' dir='ltr' id='par_1_4' title="bbox 111 1033 1170 3331">
     <span class='ocr_line' id='line_1_9' title="bbox 112 1033 1131 1124; baseline 0.005 -25"><span class='ocrx_word' id='word_1_48' title='bbox 112 1033 298 1118; x_wconf 81' lang='lat' dir='ltr'><strong>suspicione</strong></span> <span class='ocrx_word' id='word_1_49' title='bbox 327 1034 531 1099; x_wconf 91' lang='lat' dir='ltr'><strong>liberandum</strong></span> <span class='ocrx_word' id='word_1_50' title='bbox 560 1040 665 1118; x_wconf 88' lang='lat' dir='ltr'><strong>putes.</strong></span> <span class='ocrx_word' id='word_1_51' title='bbox 716 1034 748 1100; x_wconf 90' lang='lat' dir='ltr'><strong>A</strong></span> <span class='ocrx_word' id='word_1_52' title='bbox 775 1058 839 1120; x_wconf 90' lang='lat' dir='ltr'><strong>quo</strong></span> <span class='ocrx_word' id='word_1_53' title='bbox 870 1038 956 1101; x_wconf 89' lang='lat' dir='ltr'><strong>enim</strong></span> <span class='ocrx_word' id='word_1_54' title='bbox 983 1042 1131 1124; x_wconf 90' lang='lat' dir='ltr'><strong>tempore</strong></span> 
     </span>
     <span class='ocr_line' id='line_1_10' title="bbox 112 1123 1131 1215; baseline 0.004 -27"><span class='ocrx_word' id='word_1_55' title='bbox 112 1124 220 1188; x_wconf 89' lang='lat' dir='ltr'><strong>Roma</strong></span> <span class='ocrx_word' id='word_1_56' title='bbox 243 1123 431 1209; x_wconf 84' lang='lat' dir='ltr'><strong>discessisti,</strong></span> <span class='ocrx_word' id='word_1_57' title='bbox 458 1123 548 1188; x_wconf 90' lang='lat' dir='ltr'><strong>nullo</strong></span> <span class='ocrx_word' id='word_1_58' title='bbox 572 1123 773 1190; x_wconf 89' lang='lat' dir='ltr'><strong>difficultatis</strong></span> <span class='ocrx_word' id='word_1_59' title='bbox 796 1125 1054 1210; x_wconf 88' lang='lat' dir='ltr'><strong>incommodique</strong></span> <span class='ocrx_word' id='word_1_60' title='bbox 1077 1151 1131 1215; x_wconf 87' lang='lat' dir='ltr'><strong>ge·</strong></span> 
     </span>
     <span class='ocr_line' id='line_1_11' title="bbox 112 1211 1170 1300; baseline 0.006 -24"><span class='ocrx_word' id='word_1_61' title='bbox 112 1233 199 1296; x_wconf 89' lang='lat' dir='ltr'><strong>nere,</strong></span> <span class='ocrx_word' id='word_1_62' title='bbox 221 1211 311 1275; x_wconf 89' lang='lat' dir='ltr'><strong>nulla</strong></span> <span class='ocrx_word' id='word_1_63' title='bbox 333 1212 400 1276; x_wconf 88' lang='lat' dir='ltr'><strong>fere</strong></span> <span class='ocrx_word' id='word_1_64' title='bbox 425 1211 562 1277; x_wconf 87' lang='lat' dir='ltr'><strong>dixerim</strong></span> <span class='ocrx_word' id='word_1_65' title='bbox 584 1213 714 1277; x_wconf 88' lang='lat' dir='ltr'><strong>miseria</strong></span> <span class='ocrx_word' id='word_1_66' title='bbox 731 1213 864 1300; x_wconf 86' lang='lat' dir='ltr'><strong>negotia</strong></span> <span class='ocrx_word' id='word_1_67' title='bbox 886 1219 998 1280; x_wconf 88' lang='lat' dir='ltr'><strong>nostra</strong></span> <span class='ocrx_word' id='word_1_68' title='bbox 1022 1238 1170 1282; x_wconf 88' lang='lat' dir='ltr'><strong>carue-10</strong></span> 
     </span>
     <span class='ocr_line' id='line_1_12' title="bbox 111 1300 1129 1370; baseline 0.004 -5"><span class='ocrx_word' id='word_1_69' title='bbox 111 1304 199 1365; x_wconf 88' lang='lat' dir='ltr'><strong>runt.</strong></span> <span class='ocrx_word' id='word_1_70' title='bbox 246 1322 285 1364; x_wconf 87' lang='lat' dir='ltr'><strong>ex</strong></span> <span class='ocrx_word' id='word_1_71' title='bbox 309 1321 346 1366; x_wconf 90' lang='lat' dir='ltr'><strong>ea</strong></span> <span class='ocrx_word' id='word_1_72' title='bbox 368 1300 585 1365; x_wconf 87' lang='lat' dir='ltr'><strong>sollicitudine</strong></span> <span class='ocrx_word' id='word_1_73' title='bbox 613 1323 650 1366; x_wconf 88' lang='lat' dir='ltr'><strong>ao</strong></span> <span class='ocrx_word' id='word_1_74' title='bbox 672 1302 795 1367; x_wconf 87' lang='lat' dir='ltr'><strong>laboris</strong></span> <span class='ocrx_word' id='word_1_75' title='bbox 818 1303 1007 1368; x_wconf 82' lang='lat' dir='ltr'><strong>assiduitate</strong></span> <span class='ocrx_word' id='word_1_76' title='bbox 1031 1304 1129 1370; x_wconf 89' lang='lat' dir='ltr'><strong>incidi</strong></span> 
     </span>
     <span class='ocr_line' id='line_1_13' title="bbox 112 1389 1130 1475; baseline 0.004 -22"><span class='ocrx_word' id='word_1_77' title='bbox 112 1389 149 1454; x_wconf 91' lang='lat' dir='ltr'><strong>in</strong></span> <span class='ocrx_word' id='word_1_78' title='bbox 171 1389 331 1475; x_wconf 91' lang='lat' dir='ltr'><strong>morbum,</strong></span> <span class='ocrx_word' id='word_1_79' title='bbox 354 1389 445 1453; x_wconf 90' lang='lat' dir='ltr'><strong>cuius</strong></span> <span class='ocrx_word' id='word_1_80' title='bbox 468 1389 611 1473; x_wconf 90' lang='lat' dir='ltr'><strong>primum</strong></span> <span class='ocrx_word' id='word_1_81' title='bbox 633 1390 667 1453; x_wconf 92' lang='lat' dir='ltr'><strong>ui</strong></span> <span class='ocrx_word' id='word_1_82' title='bbox 687 1390 869 1475; x_wconf 86' lang='lat' dir='ltr'><strong>deterritus,</strong></span> <span class='ocrx_word' id='word_1_83' title='bbox 892 1391 1006 1456; x_wconf 90' lang='lat' dir='ltr'><strong>deinde</strong></span> <span class='ocrx_word' id='word_1_84' title='bbox 1030 1394 1130 1458; x_wconf 90' lang='lat' dir='ltr'><strong>etiam</strong></span> 
     </span>
     <span class='ocr_line' id='line_1_14' title="bbox 114 1477 1129 1566; baseline 0.002 -24"><span class='ocrx_word' id='word_1_85' title='bbox 114 1477 328 1542; x_wconf 89' lang='lat' dir='ltr'><strong>diuturnitate</strong></span> <span class='ocrx_word' id='word_1_86' title='bbox 358 1478 515 1562; x_wconf 89' lang='lat' dir='ltr'><strong>defessus,</strong></span> <span class='ocrx_word' id='word_1_87' title='bbox 545 1477 680 1541; x_wconf 87' lang='lat' dir='ltr'><strong>tentatis</strong></span> <span class='ocrx_word' id='word_1_88' title='bbox 710 1499 813 1560; x_wconf 90' lang='lat' dir='ltr'><strong>prope</strong></span> <span class='ocrx_word' id='word_1_89' title='bbox 841 1478 939 1543; x_wconf 89' lang='lat' dir='ltr'><strong>rebus</strong></span> <span class='ocrx_word' id='word_1_90' title='bbox 968 1480 1129 1566; x_wconf 91' lang='lat' dir='ltr'><strong>omnibus,</strong></span> 
     </span>
     <span class='ocr_line' id='line_1_15' title="bbox 113 1565 1129 1652; baseline 0 -19"><span class='ocrx_word' id='word_1_91' title='bbox 113 1589 189 1633; x_wconf 88' lang='lat' dir='ltr'><strong>eum</strong></span> <span class='ocrx_word' id='word_1_92' title='bbox 217 1588 320 1650; x_wconf 91' lang='lat' dir='ltr'><strong>neque</strong></span> <span class='ocrx_word' id='word_1_93' title='bbox 347 1565 484 1650; x_wconf 88' lang='lat' dir='ltr'><strong>periculi</strong></span> <span class='ocrx_word' id='word_1_94' title='bbox 513 1587 618 1650; x_wconf 89' lang='lat' dir='ltr'><strong>neque</strong></span> <span class='ocrx_word' id='word_1_95' title='bbox 650 1565 818 1630; x_wconf 87' lang='lat' dir='ltr'><strong>molestiae</strong></span> <span class='ocrx_word' id='word_1_96' title='bbox 848 1567 946 1630; x_wconf 84' lang='lat' dir='ltr'><strong>finem</strong></span> <span class='ocrx_word' id='word_1_97' title='bbox 976 1567 1129 1652; x_wconf 89' lang='lat' dir='ltr'><strong>uiderem,</strong></span> 
     </span>
     <span class='ocr_line' id='line_1_16' title="bbox 112 1654 1169 1741; baseline 0.001 -20"><span class='ocrx_word' id='word_1_98' title='bbox 112 1655 186 1740; x_wconf 86' lang='lat' dir='ltr'><strong>cepi</strong></span> <span class='ocrx_word' id='word_1_99' title='bbox 209 1655 380 1720; x_wconf 87' lang='lat' dir='ltr'><strong>consilium</strong></span> <span class='ocrx_word' id='word_1_100' title='bbox 402 1655 437 1719; x_wconf 93' lang='lat' dir='ltr'><strong>in</strong></span> <span class='ocrx_word' id='word_1_101' title='bbox 460 1654 599 1739; x_wconf 87' lang='lat' dir='ltr'><strong>patriam</strong></span> <span class='ocrx_word' id='word_1_102' title='bbox 621 1654 804 1719; x_wconf 88' lang='lat' dir='ltr'><strong>reuertendi</strong></span> <span class='ocrx_word' id='word_1_103' title='bbox 823 1658 1032 1738; x_wconf 82' lang='lat' dir='ltr'><strong>extremoque</strong></span> <span class='ocrx_word' id='word_1_104' title='bbox 1051 1655 1169 1741; x_wconf 78' lang='lat' dir='ltr'><strong>Sep-15</strong></span> 
     </span>
     <span class='ocr_line' id='line_1_17' title="bbox 112 1742 1129 1830; baseline 0 -21"><span class='ocrx_word' id='word_1_105' title='bbox 112 1744 251 1809; x_wconf 89' lang='lat' dir='ltr'><strong>tembris</strong></span> <span class='ocrx_word' id='word_1_106' title='bbox 273 1764 382 1808; x_wconf 91' lang='lat' dir='ltr'><strong>mense</strong></span> <span class='ocrx_word' id='word_1_107' title='bbox 406 1743 667 1808; x_wconf 89' lang='lat' dir='ltr'><strong>dissuadentibus</strong></span> <span class='ocrx_word' id='word_1_108' title='bbox 685 1742 818 1807; x_wconf 90' lang='lat' dir='ltr'><strong>medicis</strong></span> <span class='ocrx_word' id='word_1_109' title='bbox 841 1746 874 1807; x_wconf 89' lang='grc'><strong>01</strong></span> <span class='ocrx_word' id='word_1_110' title='bbox 898 1742 1008 1808; x_wconf 88' lang='lat' dir='ltr'><strong>amieis</strong></span> <span class='ocrx_word' id='word_1_111' title='bbox 1032 1766 1129 1830; x_wconf 87' lang='lat' dir='ltr'><strong>aeger</strong></span> 
     </span>
     <span class='ocr_line' id='line_1_18' title="bbox 112 1829 1128 1918; baseline 0.001 -21"><span class='ocrx_word' id='word_1_112' title='bbox 112 1833 148 1898; x_wconf 91' lang='lat' dir='ltr'><strong>in</strong></span> <span class='ocrx_word' id='word_1_113' title='bbox 164 1832 252 1896; x_wconf 86' lang='lat' dir='ltr'><strong>uiam</strong></span> <span class='ocrx_word' id='word_1_114' title='bbox 267 1855 319 1896; x_wconf 86' lang='lat' dir='ltr'><strong>me</strong></span> <span class='ocrx_word' id='word_1_115' title='bbox 336 1831 416 1896; x_wconf 88' lang='lat' dir='ltr'><strong>dedi.</strong></span> <span class='ocrx_word' id='word_1_116' title='bbox 447 1831 619 1896; x_wconf 87' lang='lat' dir='ltr'><strong>Pisaurum</strong></span> <span class='ocrx_word' id='word_1_117' title='bbox 634 1853 737 1915; x_wconf 88' lang='lat' dir='ltr'><strong>usque</strong></span> <span class='ocrx_word' id='word_1_118' title='bbox 754 1829 888 1896; x_wconf 88' lang='lat' dir='ltr'><strong>morbus</strong></span> <span class='ocrx_word' id='word_1_119' title='bbox 904 1831 1128 1918; x_wconf 78' lang='lat' dir='ltr'><strong>ingrauescens</strong></span> 
     </span>
     <span class='ocr_line' id='line_1_19' title="bbox 111 1919 1129 2005; baseline 0.001 -19"><span class='ocrx_word' id='word_1_120' title='bbox 111 1921 203 1986; x_wconf 88' lang='grc'><strong>1110110</strong></span> <span class='ocrx_word' id='word_1_121' title='bbox 233 1925 290 1985; x_wconf 90' lang='grc'><strong>001.</strong></span> <span class='ocrx_word' id='word_1_122' title='bbox 337 1921 491 2004; x_wconf 89' lang='lat' dir='ltr'><strong>adspectu</strong></span> <span class='ocrx_word' id='word_1_123' title='bbox 521 1920 633 2005; x_wconf 87' lang='lat' dir='ltr'><strong>maris,</strong></span> <span class='ocrx_word' id='word_1_124' title='bbox 663 1920 755 2004; x_wconf 88' lang='lat' dir='ltr'><strong>quasi</strong></span> <span class='ocrx_word' id='word_1_125' title='bbox 785 1919 850 1985; x_wconf 87' lang='lat' dir='ltr'><strong>iam</strong></span> <span class='ocrx_word' id='word_1_126' title='bbox 879 1919 913 1984; x_wconf 91' lang='lat' dir='ltr'><strong>in</strong></span> <span class='ocrx_word' id='word_1_127' title='bbox 944 1921 1045 1986; x_wconf 90' lang='lat' dir='ltr'><strong>oculis</strong></span> <span class='ocrx_word' id='word_1_128' title='bbox 1073 1922 1129 1987; x_wconf 93' lang='lat' dir='ltr'><strong>diu</strong></span> 
     </span>
     <span class='ocr_line' id='line_1_20' title="bbox 113 2008 1129 2094; baseline 0 -19"><span class='ocrx_word' id='word_1_129' title='bbox 113 2009 260 2093; x_wconf 84' lang='lat' dir='ltr'><strong>expetita</strong></span> <span class='ocrx_word' id='word_1_130' title='bbox 282 2008 389 2094; x_wconf 87' lang='lat' dir='ltr'><strong>patrie</strong></span> <span class='ocrx_word' id='word_1_131' title='bbox 412 2014 505 2093; x_wconf 89' lang='lat' dir='ltr'><strong>esset,</strong></span> <span class='ocrx_word' id='word_1_132' title='bbox 527 2009 704 2092; x_wconf 89' lang='lat' dir='ltr'><strong>propinqui</strong></span> <span class='ocrx_word' id='word_1_133' title='bbox 728 2009 806 2074; x_wconf 88' lang='lat' dir='ltr'><strong>boni</strong></span> <span class='ocrx_word' id='word_1_134' title='bbox 830 2031 888 2093; x_wconf 89' lang='lat' dir='ltr'><strong>spe</strong></span> <span class='ocrx_word' id='word_1_135' title='bbox 912 2009 1038 2075; x_wconf 89' lang='lat' dir='ltr'><strong>animus</strong></span> <span class='ocrx_word' id='word_1_136' title='bbox 1062 2032 1129 2076; x_wconf 91' lang='grc'><strong>001-</strong></span> 
     </span>
     <span class='ocr_line' id='line_1_21' title="bbox 112 2097 1166 2182; baseline -0.001 -19"><span class='ocrx_word' id='word_1_137' title='bbox 112 2099 186 2182; x_wconf 90' lang='lat' dir='ltr'><strong>pori</strong></span> <span class='ocrx_word' id='word_1_138' title='bbox 209 2097 400 2162; x_wconf 88' lang='lat' dir='ltr'><strong>medicinam</strong></span> <span class='ocrx_word' id='word_1_139' title='bbox 418 2097 504 2162; x_wconf 82' lang='lat' dir='ltr'><strong>feeit.</strong></span> <span class='ocrx_word' id='word_1_140' title='bbox 548 2097 650 2162; x_wconf 89' lang='lat' dir='ltr'><strong>febris</strong></span> <span class='ocrx_word' id='word_1_141' title='bbox 674 2097 769 2181; x_wconf 89' lang='lat' dir='ltr'><strong>abiit,</strong></span> <span class='ocrx_word' id='word_1_142' title='bbox 792 2101 966 2181; x_wconf 86' lang='lat' dir='ltr'><strong>antequam</strong></span> <span class='ocrx_word' id='word_1_143' title='bbox 989 2098 1124 2162; x_wconf 88' lang='lat' dir='ltr'><strong>Pisauro</strong></span> <span class='ocrx_word' id='word_1_144' title='bbox 1139 2123 1166 2162; x_wconf 80' lang='lat' dir='ltr'><strong>ao</strong></span> 
     </span>
     <span class='ocr_line' id='line_1_22' title="bbox 111 2184 1128 2268; baseline -0.004 -16"><span class='ocrx_word' id='word_1_145' title='bbox 111 2187 319 2252; x_wconf 85' lang='lat' dir='ltr'><strong>solueremus.</strong></span> <span class='ocrx_word' id='word_1_146' title='bbox 364 2185 411 2249; x_wconf 88' lang='lat' dir='ltr'><strong>ita</strong></span> <span class='ocrx_word' id='word_1_147' title='bbox 433 2185 587 2250; x_wconf 82' lang='lat' dir='ltr'><strong>Venetiae</strong></span> <span class='ocrx_word' id='word_1_148' title='bbox 609 2185 721 2249; x_wconf 86' lang='lat' dir='ltr'><strong>refecti</strong></span> <span class='ocrx_word' id='word_1_149' title='bbox 745 2184 818 2249; x_wconf 90' lang='lat' dir='ltr'><strong>cibo</strong></span> <span class='ocrx_word' id='word_1_150' title='bbox 836 2185 946 2268; x_wconf 86' lang='lat' dir='ltr'><strong>paullo</strong></span> <span class='ocrx_word' id='word_1_151' title='bbox 969 2185 1128 2249; x_wconf 89' lang='lat' dir='ltr'><strong>firmiores</strong></span> 
     </span>
     <span class='ocr_line' id='line_1_23' title="bbox 111 2272 1128 2360; baseline -0.003 -20"><span class='ocrx_word' id='word_1_152' title='bbox 111 2275 308 2360; x_wconf 87' lang='lat' dir='ltr'><strong>appulimus.</strong></span> <span class='ocrx_word' id='word_1_153' title='bbox 339 2273 460 2339; x_wconf 89' lang='lat' dir='ltr'><strong>malum</strong></span> <span class='ocrx_word' id='word_1_154' title='bbox 478 2273 559 2337; x_wconf 93' lang='lat' dir='ltr'><strong>illud</strong></span> <span class='ocrx_word' id='word_1_155' title='bbox 577 2277 730 2357; x_wconf 87' lang='lat' dir='ltr'><strong>remanet,</strong></span> <span class='ocrx_word' id='word_1_156' title='bbox 747 2276 785 2336; x_wconf 90' lang='grc'><strong>111</strong></span> <span class='ocrx_word' id='word_1_157' title='bbox 799 2272 989 2337; x_wconf 88' lang='lat' dir='ltr'><strong>inueteratis</strong></span> <span class='ocrx_word' id='word_1_158' title='bbox 1003 2273 1128 2338; x_wconf 91' lang='lat' dir='ltr'><strong>morbis</strong></span> 
     </span>
     <span class='ocr_line' id='line_1_24' title="bbox 112 2360 1128 2449; baseline -0.005 -20"><span class='ocrx_word' id='word_1_159' title='bbox 112 2365 180 2429; x_wconf 87' lang='lat' dir='ltr'><strong>fere</strong></span> <span class='ocrx_word' id='word_1_160' title='bbox 194 2363 365 2449; x_wconf 87' lang='lat' dir='ltr'><strong>contingit,</strong></span> <span class='ocrx_word' id='word_1_161' title='bbox 380 2361 466 2446; x_wconf 92' lang='lat' dir='ltr'><strong>quod</strong></span> <span class='ocrx_word' id='word_1_162' title='bbox 479 2362 553 2427; x_wconf 89' lang='lat' dir='ltr'><strong>aluo</strong></span> <span class='ocrx_word' id='word_1_163' title='bbox 568 2382 679 2426; x_wconf 88' lang='lat' dir='ltr'><strong>sumus</strong></span> <span class='ocrx_word' id='word_1_164' title='bbox 690 2361 737 2424; x_wconf 87' lang='lat' dir='ltr'><strong>ita</strong></span> <span class='ocrx_word' id='word_1_165' title='bbox 749 2360 832 2425; x_wconf 88' lang='lat' dir='ltr'><strong>sicea</strong></span> <span class='ocrx_word' id='word_1_166' title='bbox 845 2360 955 2444; x_wconf 89' lang='lat' dir='ltr'><strong>itaque</strong></span> <span class='ocrx_word' id='word_1_167' title='bbox 970 2360 1128 2448; x_wconf 87' lang='lat' dir='ltr'><strong>restricta,</strong></span> 
     </span>
     <span class='ocr_line' id='line_1_25' title="bbox 111 2449 1127 2536; baseline -0.002 -19"><span class='ocrx_word' id='word_1_168' title='bbox 111 2452 204 2517; x_wconf 90' lang='lat' dir='ltr'><strong>nullo</strong></span> <span class='ocrx_word' id='word_1_169' title='bbox 232 2473 366 2535; x_wconf 86' lang='lat' dir='ltr'><strong>prorsus</strong></span> <span class='ocrx_word' id='word_1_170' title='bbox 388 2455 426 2515; x_wconf 88' lang='lat' dir='ltr'><strong>ut</strong></span> <span class='ocrx_word' id='word_1_171' title='bbox 454 2451 519 2514; x_wconf 87' lang='lat' dir='ltr'><strong>eibi</strong></span> <span class='ocrx_word' id='word_1_172' title='bbox 545 2471 662 2536; x_wconf 89' lang='lat' dir='ltr'><strong>genere</strong></span> <span class='ocrx_word' id='word_1_173' title='bbox 690 2449 810 2513; x_wconf 91' lang='lat' dir='ltr'><strong>molliri</strong></span> <span class='ocrx_word' id='word_1_174' title='bbox 838 2449 986 2533; x_wconf 88' lang='lat' dir='ltr'><strong>soluique</strong></span> <span class='ocrx_word' id='word_1_175' title='bbox 1013 2450 1127 2534; x_wconf 90' lang='lat' dir='ltr'><strong>possit.</strong></span> 
     </span>
     <span class='ocr_line' id='line_1_26' title="bbox 113 2538 1169 2625; baseline 0.002 -21"><span class='ocrx_word' id='word_1_176' title='bbox 113 2541 201 2625; x_wconf 92' lang='lat' dir='ltr'><strong>quod</strong></span> <span class='ocrx_word' id='word_1_177' title='bbox 224 2541 251 2605; x_wconf 91' lang='grc'><strong>01</strong></span> <span class='ocrx_word' id='word_1_178' title='bbox 275 2542 470 2625; x_wconf 90' lang='lat' dir='ltr'><strong>perpetuum</strong></span> <span class='ocrx_word' id='word_1_179' title='bbox 494 2542 587 2622; x_wconf 92' lang='grc'><strong>00001,</strong></span> <span class='ocrx_word' id='word_1_180' title='bbox 611 2538 689 2623; x_wconf 87' lang='lat' dir='ltr'><strong>quid</strong></span> <span class='ocrx_word' id='word_1_181' title='bbox 711 2538 882 2604; x_wconf 75' lang='lat' dir='ltr'><strong>miserius?</strong></span> <span class='ocrx_word' id='word_1_182' title='bbox 916 2539 1035 2604; x_wconf 89' lang='lat' dir='ltr'><strong>sedne</strong></span> <span class='ocrx_word' id='word_1_183' title='bbox 1058 2562 1127 2624; x_wconf 92' lang='lat' dir='ltr'><strong>per·</strong></span> <span class='ocrx_word' id='word_1_184' title='bbox 1141 2564 1169 2606; x_wconf 76' lang='lat' dir='ltr'><strong>aa</strong></span> 
     </span>
     <span class='ocr_line' id='line_1_27' title="bbox 111 2627 1127 2714; baseline 0 -21"><span class='ocrx_word' id='word_1_185' title='bbox 111 2633 248 2714; x_wconf 80' lang='lat' dir='ltr'><strong>potuum</strong></span> <span class='ocrx_word' id='word_1_186' title='bbox 275 2629 331 2713; x_wconf 88' lang='lat' dir='ltr'><strong>sit,</strong></span> <span class='ocrx_word' id='word_1_187' title='bbox 364 2627 549 2693; x_wconf 87' lang='lat' dir='ltr'><strong>curabimus</strong></span> <span class='ocrx_word' id='word_1_188' title='bbox 582 2630 614 2691; x_wconf 88' lang='lat' dir='ltr'><strong>et</strong></span> <span class='ocrx_word' id='word_1_189' title='bbox 641 2627 841 2714; x_wconf 88' lang='lat' dir='ltr'><strong>oauebimus,</strong></span> <span class='ocrx_word' id='word_1_190' title='bbox 871 2628 1127 2712; x_wconf 90' lang='lat' dir='ltr'><strong>quibuscumque</strong></span> 
     </span>
     <span class='ocr_line' id='line_1_28' title="bbox 113 2713 1127 2802; baseline -0.002 -20"><span class='ocrx_word' id='word_1_191' title='bbox 113 2718 213 2782; x_wconf 87' lang='lat' dir='ltr'><strong>rebus</strong></span> <span class='ocrx_word' id='word_1_192' title='bbox 239 2717 374 2802; x_wconf 89' lang='lat' dir='ltr'><strong>poterit,</strong></span> <span class='ocrx_word' id='word_1_193' title='bbox 403 2716 455 2780; x_wconf 90' lang='lat' dir='ltr'><strong>his</strong></span> <span class='ocrx_word' id='word_1_194' title='bbox 477 2716 633 2802; x_wconf 92' lang='lat' dir='ltr'><strong>primum,</strong></span> <span class='ocrx_word' id='word_1_195' title='bbox 657 2713 838 2799; x_wconf 85' lang='lat' dir='ltr'><strong>quaesunt</strong></span> <span class='ocrx_word' id='word_1_196' title='bbox 861 2715 896 2779; x_wconf 94' lang='lat' dir='ltr'><strong>in</strong></span> <span class='ocrx_word' id='word_1_197' title='bbox 917 2716 1014 2780; x_wconf 91' lang='lat' dir='ltr'><strong>nobis</strong></span> <span class='ocrx_word' id='word_1_198' title='bbox 1037 2717 1127 2800; x_wconf 92' lang='lat' dir='ltr'><strong>ipsis,</strong></span> 
     </span>
     <span class='ocr_line' id='line_1_29' title="bbox 113 2803 1127 2892; baseline -0.002 -22"><span class='ocrx_word' id='word_1_199' title='bbox 113 2806 222 2890; x_wconf 89' lang='lat' dir='ltr'><strong>quiete</strong></span> <span class='ocrx_word' id='word_1_200' title='bbox 247 2806 405 2892; x_wconf 87' lang='lat' dir='ltr'><strong>eorporis,</strong></span> <span class='ocrx_word' id='word_1_201' title='bbox 434 2804 598 2869; x_wconf 87' lang='lat' dir='ltr'><strong>hilaritate</strong></span> <span class='ocrx_word' id='word_1_202' title='bbox 621 2804 734 2885; x_wconf 88' lang='lat' dir='ltr'><strong>enimi,</strong></span> <span class='ocrx_word' id='word_1_203' title='bbox 761 2803 885 2867; x_wconf 91' lang='lat' dir='ltr'><strong>ratione</strong></span> <span class='ocrx_word' id='word_1_204' title='bbox 909 2803 1029 2886; x_wconf 90' lang='lat' dir='ltr'><strong>uictus,</strong></span> <span class='ocrx_word' id='word_1_205' title='bbox 1056 2807 1127 2868; x_wconf 92' lang='grc'><strong>111111</strong></span> 
     </span>
     <span class='ocr_line' id='line_1_30' title="bbox 111 2891 1127 2978; baseline -0.002 -20"><span class='ocrx_word' id='word_1_206' title='bbox 111 2893 154 2958; x_wconf 89' lang='grc'><strong>110</strong></span> <span class='ocrx_word' id='word_1_207' title='bbox 178 2894 284 2977; x_wconf 88' lang='lat' dir='ltr'><strong>etiem,</strong></span> <span class='ocrx_word' id='word_1_208' title='bbox 308 2915 390 2978; x_wconf 87' lang='lat' dir='ltr'><strong>quae</strong></span> <span class='ocrx_word' id='word_1_209' title='bbox 414 2915 432 2956; x_wconf 96' lang='lat' dir='ltr'><strong>a</strong></span> <span class='ocrx_word' id='word_1_210' title='bbox 454 2893 652 2958; x_wconf 86' lang='lat' dir='ltr'><strong>medicorum</strong></span> <span class='ocrx_word' id='word_1_211' title='bbox 675 2891 810 2957; x_wconf 86' lang='lat' dir='ltr'><strong>seientia</strong></span> <span class='ocrx_word' id='word_1_212' title='bbox 833 2891 1031 2974; x_wconf 87' lang='lat' dir='ltr'><strong>consilioque</strong></span> <span class='ocrx_word' id='word_1_213' title='bbox 1054 2913 1127 2975; x_wconf 86' lang='lat' dir='ltr'><strong>pro·</strong></span> 
     </span>
     <span class='ocr_line' id='line_1_31' title="bbox 111 2979 1168 3067; baseline -0.003 -21"><span class='ocrx_word' id='word_1_214' title='bbox 111 2982 305 3048; x_wconf 88' lang='lat' dir='ltr'><strong>ficiscentur.</strong></span> <span class='ocrx_word' id='word_1_215' title='bbox 350 2983 462 3047; x_wconf 85' lang='lat' dir='ltr'><strong>Habes</strong></span> <span class='ocrx_word' id='word_1_216' title='bbox 490 2982 536 3066; x_wconf 88' lang='lat' dir='ltr'><strong>id,</strong></span> <span class='ocrx_word' id='word_1_217' title='bbox 569 2981 656 3066; x_wconf 93' lang='lat' dir='ltr'><strong>quod</strong></span> <span class='ocrx_word' id='word_1_218' title='bbox 683 2984 813 3064; x_wconf 84' lang='lat' dir='ltr'><strong>optasse</strong></span> <span class='ocrx_word' id='word_1_219' title='bbox 841 2983 874 3045; x_wconf 89' lang='grc'><strong>10</strong></span> <span class='ocrx_word' id='word_1_220' title='bbox 902 2979 1057 3067; x_wconf 87' lang='lat' dir='ltr'><strong>arbitror,</strong></span> <span class='ocrx_word' id='word_1_221' title='bbox 1088 2979 1126 3043; x_wconf 91' lang='lat' dir='ltr'><strong>de</strong></span> <span class='ocrx_word' id='word_1_222' title='bbox 1141 3003 1168 3043; x_wconf 86' lang='lat' dir='ltr'><strong>eo</strong></span> 
     </span>
     <span class='ocr_line' id='line_1_32' title="bbox 113 3068 1128 3156; baseline -0.002 -22"><span class='ocrx_word' id='word_1_223' title='bbox 113 3075 203 3136; x_wconf 89' lang='lat' dir='ltr'><strong>stetu</strong></span> <span class='ocrx_word' id='word_1_224' title='bbox 225 3093 311 3136; x_wconf 88' lang='lat' dir='ltr'><strong>meo:</strong></span> <span class='ocrx_word' id='word_1_225' title='bbox 334 3076 380 3156; x_wconf 88' lang='grc'><strong>111,</strong></span> <span class='ocrx_word' id='word_1_226' title='bbox 403 3071 430 3135; x_wconf 89' lang='grc'><strong>01</strong></span> <span class='ocrx_word' id='word_1_227' title='bbox 449 3070 566 3156; x_wconf 88' lang='lat' dir='ltr'><strong>placet,</strong></span> <span class='ocrx_word' id='word_1_228' title='bbox 589 3069 733 3134; x_wconf 89' lang='lat' dir='ltr'><strong>uicissim</strong></span> <span class='ocrx_word' id='word_1_229' title='bbox 752 3068 875 3154; x_wconf 86' lang='lat' dir='ltr'><strong>aliquid</strong></span> <span class='ocrx_word' id='word_1_230' title='bbox 893 3068 932 3133; x_wconf 90' lang='lat' dir='ltr'><strong>de</strong></span> <span class='ocrx_word' id='word_1_231' title='bbox 951 3073 1017 3134; x_wconf 88' lang='lat' dir='ltr'><strong>tuo.</strong></span> <span class='ocrx_word' id='word_1_232' title='bbox 1055 3089 1128 3133; x_wconf 87' lang='lat' dir='ltr'><strong>eum</strong></span> 
     </span>
     <span class='ocr_line' id='line_1_33' title="bbox 114 3158 1128 3244; baseline -0.003 -22"><span class='ocrx_word' id='word_1_233' title='bbox 114 3159 201 3223; x_wconf 88' lang='lat' dir='ltr'><strong>enim</strong></span> <span class='ocrx_word' id='word_1_234' title='bbox 224 3161 262 3224; x_wconf 88' lang='lat' dir='ltr'><strong>de</strong></span> <span class='ocrx_word' id='word_1_235' title='bbox 286 3163 319 3224; x_wconf 93' lang='lat' dir='ltr'><strong>te</strong></span> <span class='ocrx_word' id='word_1_236' title='bbox 342 3159 471 3244; x_wconf 88' lang='lat' dir='ltr'><strong>tuisque</strong></span> <span class='ocrx_word' id='word_1_237' title='bbox 495 3159 676 3224; x_wconf 91' lang='lat' dir='ltr'><strong>rationibus</strong></span> <span class='ocrx_word' id='word_1_238' title='bbox 699 3158 817 3222; x_wconf 88' lang='lat' dir='ltr'><strong>certior</strong></span> <span class='ocrx_word' id='word_1_239' title='bbox 840 3158 910 3223; x_wconf 87' lang='lat' dir='ltr'><strong>fieri</strong></span> <span class='ocrx_word' id='word_1_240' title='bbox 933 3180 993 3242; x_wconf 90' lang='lat' dir='ltr'><strong>pro</strong></span> <span class='ocrx_word' id='word_1_241' title='bbox 1016 3160 1128 3221; x_wconf 85' lang='lat' dir='ltr'><strong>nostra</strong></span> 
     </span>
     <span class='ocr_line' id='line_1_34' title="bbox 112 3247 1127 3331; baseline -0.004 -19"><span class='ocrx_word' id='word_1_242' title='bbox 112 3248 350 3312; x_wconf 87' lang='lat' dir='ltr'><strong>necessitudine</strong></span> <span class='ocrx_word' id='word_1_243' title='bbox 369 3249 524 3312; x_wconf 86' lang='lat' dir='ltr'><strong>maiorem</strong></span> <span class='ocrx_word' id='word_1_244' title='bbox 546 3247 581 3310; x_wconf 93' lang='lat' dir='ltr'><strong>in</strong></span> <span class='ocrx_word' id='word_1_245' title='bbox 603 3247 736 3311; x_wconf 90' lang='lat' dir='ltr'><strong>modum</strong></span> <span class='ocrx_word' id='word_1_246' title='bbox 758 3247 864 3331; x_wconf 91' lang='lat' dir='ltr'><strong>cupio,</strong></span> <span class='ocrx_word' id='word_1_247' title='bbox 886 3250 957 3310; x_wconf 91' lang='lat' dir='ltr'><strong>tum</strong></span> <span class='ocrx_word' id='word_1_248' title='bbox 981 3266 1127 3309; x_wconf 89' lang='lat' dir='ltr'><strong>sermone</strong></span> 
     </span>
    </p>
   </div>
   <div class='ocr_carea' id='block_1_5' title="bbox 111 3332 1169 3509">
    <p class='ocr_par' dir='ltr' id='par_1_5' title="bbox 111 3332 1169 3509">
     <span class='ocr_line' id='line_1_35' title="bbox 111 3332 1129 3421; baseline -0.004 -21"><span class='ocrx_word' id='word_1_249' title='bbox 111 3335 297 3401; x_wconf 85' lang='lat' dir='ltr'><strong>litterarum</strong></span> <span class='ocrx_word' id='word_1_250' title='bbox 315 3341 444 3400; x_wconf 90' lang='lat' dir='ltr'><strong>tuarum</strong></span> <span class='ocrx_word' id='word_1_251' title='bbox 463 3335 636 3420; x_wconf 88' lang='lat' dir='ltr'><strong>purissimo</strong></span> <span class='ocrx_word' id='word_1_252' title='bbox 658 3340 755 3420; x_wconf 88' lang='lat' dir='ltr'><strong>atque</strong></span> <span class='ocrx_word' id='word_1_253' title='bbox 779 3333 1017 3421; x_wconf 86' lang='lat' dir='ltr'><strong>elegantissimo</strong></span> <span class='ocrx_word' id='word_1_254' title='bbox 1041 3332 1129 3396; x_wconf 92' lang='lat' dir='ltr'><strong>miri-</strong></span> 
     </span>
     <span class='ocr_line' id='line_1_36' title="bbox 111 3420 1169 3509; baseline -0.005 -20"><span class='ocrx_word' id='word_1_255' title='bbox 111 3425 172 3490; x_wconf 81' lang='grc'><strong>1100</strong></span> <span class='ocrx_word' id='word_1_256' title='bbox 192 3425 340 3490; x_wconf 88' lang='lat' dir='ltr'><strong>delector.</strong></span> <span class='ocrx_word' id='word_1_257' title='bbox 377 3425 467 3490; x_wconf 88' lang='lat' dir='ltr'><strong>Vale.</strong></span> <span class='ocrx_word' id='word_1_258' title='bbox 503 3424 652 3489; x_wconf 88' lang='lat' dir='ltr'><strong>Venetiis</strong></span> <span class='ocrx_word' id='word_1_259' title='bbox 676 3425 828 3509; x_wconf 84' lang='lat' dir='ltr'><strong>[exeunte</strong></span> <span class='ocrx_word' id='word_1_260' title='bbox 847 3444 930 3487; x_wconf 87' lang='lat' dir='ltr'><strong>anno</strong></span> <span class='ocrx_word' id='word_1_261' title='bbox 949 3420 1126 3502; x_wconf 62' lang='lat' dir='ltr'><strong>MDLXXp</strong></span> <span class='ocrx_word' id='word_1_262' title='bbox 1141 3443 1169 3484; x_wconf 75' lang='lat' dir='ltr'><strong>es</strong></span> 
     </span>
    </p>
   </div>
   <div class='ocr_carea' id='block_1_6' title="bbox 0 0 1310 3890">
    <p class='ocr_par' dir='ltr' id='par_1_6' title="bbox 0 0 1310 3890">
     <span class='ocr_line' id='line_1_37' title="bbox 0 0 1310 3890; baseline 0 0"><span class='ocrx_word' id='word_1_263' title='bbox 0 0 1310 3890; x_wconf 95' lang='lat' dir='ltr'><strong> </strong></span> 
     </span>
    </p>
   </div>
  </div>
 </body>
</html>
