2578 3896
363 181 462 239 XVIII,
490 183 535 237 Ad
554 182 702 240 Aliorsum
722 184 860 241 caratam.
1075 187 1119 250 43

89 368 201 430 nunc,
231 344 317 431 quod
345 366 433 410 eram
460 344 598 414 alterum
625 346 805 432 pollicitus,
835 347 873 412 de
902 348 1045 414 utilitate
1073 349 1119 414 ui-

93 435 244 499 deamus.
291 432 409 499 Omnes
441 433 572 521 linguae
604 435 740 501 aliarum
772 436 963 502 admistione
994 437 1118 524 lingua·

93 546 189 608 rum,
222 523 249 588 si
281 522 447 587 moderata
480 522 536 607 sit,
568 529 741 610 augentur,
774 524 802 588 si
833 524 947 607 nimia,
979 548 1118 592 corrum-

95 615 228 696 puntur
250 615 347 696 atque
370 610 543 676 intereunt.
581 613 668 697 quod
690 613 776 678 enim
799 613 969 697 recipitur,
992 614 1026 678 id
1049 637 1118 680 esse

92 701 201 765 debet
228 699 297 764 eius
325 699 426 784 modi,
455 704 492 764 ut
520 700 707 785 recipientis
734 707 883 768 naturam
910 722 968 768 sua
991 702 1024 768 ui
1049 726 1118 767 sua·
1145 725 1159 766 a

94 811 165 873 que
198 787 422 875 magnitudine
455 810 521 855 non
552 794 733 874 exsuperet.
786 790 895 876 itaque
929 812 1034 856 sermo
1066 791 1119 857 hic

99 881 217 942 noster
239 875 372 942 Italicus
395 877 514 942 multas
537 875 652 942 Gallici
676 879 841 963 sermonis,
864 878 983 944 multas
1002 879 1119 966 Hispa-

94 966 176 1051 nici,
194 965 349 1050 quasdam
367 964 503 1031 aliarum
520 965 690 1031 nationum
708 967 809 1032 habet
827 971 945 1051 partes.
972 989 1118 1034 caussam

95 1055 127 1119 si
158 1054 354 1139 quaerimus:
383 1075 449 1118 non
476 1054 553 1139 alis,
584 1077 681 1138 quam
709 1077 819 1122 earum
846 1056 994 1142 gentium
1021 1057 1118 1122 inter-

96 1148 219 1208 uentus
243 1146 276 1207 et
299 1142 496 1208 consuetudo
519 1143 590 1207 fuit.
632 1144 719 1228 quod
742 1144 769 1208 si
793 1143 960 1210 Gallorum
983 1150 1038 1210 aut
1062 1145 1118 1210 Hi·
1133 1168 1161 1207 ro

95 1254 277 1317 spanorum
300 1232 456 1298 immensa
478 1231 654 1298 multitudo
680 1231 838 1321 (exempli
861 1256 973 1300 caussa
996 1234 1119 1301 dictum

96 1343 118 1386 a
142 1343 196 1386 me
219 1320 272 1405 sit,
295 1342 389 1386 omen
408 1319 538 1405 quidem
561 1320 655 1386 inane
675 1343 744 1386 esse
763 1319 863 1407 uolo),
887 1322 943 1387 sed
961 1323 989 1388 si
1009 1345 1119 1389 earum

97 1410 270 1474 nationum
288 1409 391 1474 maior
409 1408 517 1493 aliqua
540 1409 591 1474 uis
615 1409 649 1473 in
670 1407 799 1475 Italiam
817 1411 973 1495 irruperit
992 1433 1029 1476 ac
1048 1435 1118 1496 per-

97 1498 269 1583 manserit,
291 1497 395 1562 maior
418 1497 515 1562 simul
537 1496 707 1562 inducetur
730 1496 845 1563 Gallici
868 1503 924 1563 aut
947 1498 1117 1583 Hispanici

97 1586 260 1651 sermonis
282 1608 360 1652 usus
384 1591 416 1650 et
439 1587 576 1651 fortasse
604 1585 822 1651 aduenticium
849 1585 931 1650 illud
954 1608 1055 1671 usque
1079 1608 1117 1652 eo
1132 1607 1159 1649 rs

99 1674 242 1759 ualebit,
273 1679 310 1740 ut
342 1675 405 1740 hoc
437 1675 649 1739 domesticum
680 1674 790 1739 uincat
823 1674 953 1758 suisque
986 1675 1118 1742 sedibus

98 1764 254 1848 expellat.
296 1763 383 1847 quod
405 1763 484 1828 olim
507 1763 671 1828 Romanae
694 1763 825 1850 linguae
849 1763 996 1850 contigit,
1020 1786 1118 1848 quam

100 1852 278 1918 multarum
306 1854 449 1916 aetatum
477 1851 597 1937 spatio,
628 1851 741 1917 multis
769 1852 984 1918 maximarum
1010 1875 1119 1918 rerum

97 1940 294 2006 adiumentis
322 1945 449 2005 auctam
475 1944 572 2024 atque
601 1941 822 2006 confirmatam
845 1940 982 2006 diuersis
1009 1946 1119 2008 tamen

98 2029 233 2114 populis
264 2027 392 2094 Italiam
429 2028 664 2113 occupantibus
701 2029 900 2095 diuersarum
931 2030 1117 2116 linguarum
1132 2051 1159 2092 so

99 2119 243 2203 impetus
262 2118 433 2203 oppressit.
472 2116 552 2182 (lum
575 2117 677 2204 igitur
698 2116 812 2204 lingua
833 2118 980 2204 linguam
1003 2119 1116 2202 ampli-

99 2209 174 2272 ficet
201 2212 377 2290 nostraque
403 2206 483 2272 haec
509 2204 637 2289 Italica,
669 2228 734 2271 non
761 2205 873 2272 multis
904 2206 1022 2269 abhinc
1052 2227 1118 2270 sae-

99 2297 180 2361 culis
208 2299 280 2361 orta
308 2317 368 2360 nec
395 2294 568 2360 admodum
598 2294 779 2359 liberaliter
810 2293 1028 2377 praemiorum
1060 2315 1117 2358 nu·

100 2384 264 2450 trimontis
301 2382 435 2448 educata
466 2405 532 2448 non
563 2383 611 2446 ita
645 2382 721 2447 dum
753 2381 944 2467 adoleuerit,
981 2387 1018 2446 ut
1050 2382 1117 2448 suis

101 2476 254 2539 contenta
273 2472 398 2538 uiribus
417 2495 486 2537 esse
505 2471 619 2556 possit,
642 2474 751 2536 statuo
771 2471 817 2535 sie
834 2475 932 2556 atque
952 2470 1117 2557 concludo,
1131 2491 1158 2534 aa

102 2561 319 2628 accessionem
342 2561 371 2626 ei
395 2561 464 2626 fieri
488 2561 642 2626 maiorem
664 2581 731 2625 non
753 2582 858 2645 posse,
882 2560 1025 2644 quamsi
1045 2583 1118 2626 cum

101 2651 217 2716 Latina
254 2649 477 2736 coniungatur.
527 2671 593 2714 non
629 2649 724 2714 modo
758 2648 834 2733 quia
865 2648 954 2714 nulla
991 2649 1119 2733 plenior

103 2744 158 2804 aut
189 2739 346 2823 ornatior,
377 2759 491 2804 uerum
521 2738 631 2822 etiam,
664 2737 740 2822 quia
771 2737 861 2802 nulla
891 2736 1035 2802 similior.
1078 2760 1118 2802 ex

102 2849 166 2913 quo
198 2827 359 2912 sequitur,
396 2831 433 2892 ut
465 2827 506 2890 ad
537 2825 714 2891 coeundam
750 2845 823 2890 cum
860 2847 898 2890 ea
929 2824 1118 2891 societatem

103 2916 190 2981 nulla
221 2915 426 2982 commodior.
471 2915 533 2980 Est
562 2914 664 3002 igitur
693 2914 876 2979 litterarum
899 2913 1118 2980 Romanarum
1132 2937 1160 2978 ao

102 3028 174 3070 cum
196 3027 257 3088 per
279 3026 313 3069 se
335 3004 509 3069 laudabilis
537 3002 709 3068 admodum
736 3007 769 3068 et
796 3001 935 3068 iucunda
958 3004 1119 3089 tractatio,

103 3098 172 3160 tum
194 3115 285 3177 uero,
314 3092 341 3157 si
370 3091 500 3176 quidem
527 3092 613 3157 hunc
636 3091 758 3177 ipsum,
786 3113 850 3176 quo
878 3114 964 3158 nunc
987 3093 1119 3177 utimur,

104 3187 234 3248 auctum
257 3187 513 3266 exornetumque
537 3181 898 3264 sermonemcupimuS,
921 3203 1118 3266 magnopere

103 3270 287 3336 necessaria.
333 3268 443 3354 Atque
466 3270 546 3335 haec
568 3273 606 3334 tu
629 3290 757 3353 quoque
781 3268 886 3354 uides,
913 3267 1048 3334 Alfonse
1071 3268 1118 3331 in-

103 3359 333 3446 geniosissime,
351 3363 508 3442 tuumque
522 3357 677 3422 iudicium
692 3380 766 3423 cum
779 3379 851 3422 mea
869 3355 1030 3421 sententia
1045 3377 1117 3421 con·
1132 3379 1159 3420 aa

104 3448 217 3535 iungis.
264 3447 387 3533 itaque,
416 3469 490 3512 cum
513 3469 531 3510 a
554 3445 659 3531 prima
687 3445 828 3531 pueritia
851 3444 892 3508 sd
914 3442 1118 3528 eloquentiae

104 3537 265 3603 Romanae
289 3536 502 3621 cupiditatem
529 3534 716 3600 incumbere
745 3533 920 3619 coepisses,
947 3537 1062 3617 postea
1085 3538 1119 3598 te
