2610 3890
181 161 245 226 146
475 158 557 214 m
582 157 733 214 Francisco
750 157 897 212 llcrando.

178 321 436 404 demandauerat,
457 319 655 386 reiciendum
676 319 830 404 putarim,
850 341 918 384 non
935 318 1029 384 facile
1052 324 1102 385 est
1121 321 1200 387 scri·

179 413 266 476 bere.
301 409 401 474 uelim
419 408 550 494 quidem
567 409 734 473 existimes
756 407 914 473 eiusmodi
937 429 1017 490 esse,
1040 411 1078 474 ut
1101 408 1200 475 aliter

180 504 322 565 statuere
353 498 435 564 meis
465 497 649 564 rationibus
680 497 914 562 alienissimum
949 497 1057 562 fuerit.
1110 495 1200 564 Illud

180 593 267 654 certe
289 587 360 654 fieri
382 610 450 652 non
470 586 590 670 potuit,
612 591 650 650 ιιι
672 607 746 650 cum
768 585 826 650 illo
848 583 929 650 mihi
947 584 1089 668 emplius
1107 586 1199 652 caelo

154 677 378 743 coonueniret.
432 675 519 760 quod
557 674 699 775 experiri
734 673 935 738 constantiae
971 694 1084 738 caussa
1120 674 1200 740 dum

181 766 288 851 cupio,
301 786 418 849 parum
435 763 552 846 abfuit,
569 763 650 848 quin
666 763 771 846 ipsius
789 762 869 827 caeli
887 761 1077 845 adspectum
1090 783 1200 828 usum-

181 876 245 940 que
268 852 472 954 perdiderim
515 851 649 918 Nouum
676 851 780 937 igitur
806 849 979 915 consilium
1005 851 1200 952 capiendum

181 941 363 1009 necessario
389 941 467 1026 fuit,
499 940 527 1006 si
554 941 650 1006 modo
677 939 759 1005 mibi
786 961 880 1004 curus
907 961 977 1004 esse
1006 939 1138 1025 uellem,
1170 940 1200 1008 ιι

182 1031 312 1114 salutis,
339 1052 438 1131 quam
460 1052 572 1095 omnes
593 1027 854 1113 antiquissimam
875 1027 1013 1112 babent,
1039 991 1201 1094 ratioirem

142 1144 170 1184 ιο
183 1120 356 1202 ducere,
330 1142 360 1183 ιι
381 1118 520 1202 denique
543 1118 630 1184 uitae
652 1139 770 1182 munus
792 1116 899 1182 eDeo
923 1079 1036 1182 datuin
1057 1138 1201 1201 eousque

182 1208 269 1273 tueri
291 1211 325 1271 et
343 1207 514 1287 custodire,
536 1206 644 1289 quoad
665 1205 721 1269 ille
739 1206 821 1290 ipse,
843 1204 899 1289 qui
917 1204 1016 1288 dedit,
1037 1205 1201 1272 arbitratu

184 1317 244 1362 suo
275 1297 447 1378 repeteret
500 1293 586 1358 Veni
617 1293 762 1378 domum3
797 1294 851 1359 hic
880 1315 958 1360 uero
990 1316 1043 1359 me
1073 1313 1203 1360 summa

185 1383 278 1469 quies
305 1387 339 1448 ct
366 1381 544 1448 domestica
570 1381 738 1448 commoda
763 1382 968 1467 maximeque
995 1381 1201 1448 fidelissimae

183 1477 282 1557 atque
305 1471 544 1538 amantissimae
566 1470 715 1571 coniugis
731 1492 808 1536 cura
829 1475 930 1555 tanta,
953 1475 1074 1555 quanta
1092 1474 1203 1554 potest

146 1585 171 1626 u
185 1585 256 1628 esse
277 1561 428 1649 maxima,
450 1560 547 1645 plane
565 1559 732 1625 recreauit
767 1558 885 1624 Febris
902 1560 993 1644 abiit,
1014 1581 1075 1624 nec
1092 1564 1204 1624 tamen

184 1651 340 1717 ualemus.
375 1614 483 1716 mdrbi
500 1649 587 1714 enim
609 1648 765 1748 reliquiae
783 1652 958 1749 supersunt
974 1648 1080 1734 magis
1098 1670 1204 1732 prope

185 1739 362 1825 timendae,
389 1761 486 1822 quam
512 1737 683 1804 morbus
673 1759 753 1838 ipse.
799 1737 856 1821 qui
883 1737 971 1802 enim
997 1736 1107 1802 ualere
1130 1759 1205 1820 pos

186 1849 272 1912 sum,
300 1792 362 1891 aut
389 1827 487 1890 etiam
515 1827 593 1910 quid
622 1848 690 1891 non
716 1825 861 1908 timeam,
892 1848 966 1891 cum
997 1829 1206 1892 attenuatum

187 1879 446 1997 exsidcatumque
464 1936 583 1998 corpus
599 1913 740 1980 naturali
757 1935 890 1980 munere
907 1913 1002 2000 fungi
1016 1935 1074 1980 sua
1087 1918 1205 1999 sponte

146 2025 364 2086 ennumquam
391 2002 518 2086 possit?
562 2023 645 2088 quac
671 2007 724 2068 res
754 2024 860 2088 neque
890 2003 1057 2069 molestiae
1087 2024 1206 2088 parum

186 2093 288 2158 habet
306 2096 349 2178 ιι,
371 2091 399 2157 si
413 2091 653 2175 inuetereuerit,
674 2091 819 2175 periculo
836 2113 904 2157 non
921 2096 1023 2157 uacat.
1059 2091 1123 2158 hoc
1146 2091 1208 2178 igi-

186 2187 243 2248 tur
260 2181 382 2246 malum
403 2180 467 2246 nisi
490 2180 659 2265 depulero,
681 2179 789 2246 ualere
810 2203 863 2246 me
885 2203 951 2246 non
974 2180 1086 2245 dicam.
1133 2178 1207 2246 Stu-
1301 2239 1302 2252 ,

188 2272 242 2335 dia
276 2275 402 2356 nostra,
442 2269 575 2335 remissa
610 2269 894 2356 occupationibus,
932 2274 1059 2334 retente
1095 2273 1208 2334 tamen

188 2360 312 2444 animo,
338 2321 500 2444 attingere
530 2358 674 2424 nondum
701 2358 817 2444 audeo,
844 2380 886 2422 ne
913 2357 1093 2440 stomacho,
1119 2358 1208 2422 unde

149 2467 176 2509 ιι
189 2447 285 2511 fluxit
307 2469 402 2512 omne
424 2447 554 2534 malum,
576 2468 796 2531 praepropera
816 2447 977 2531 cupiditas
1000 2407 1096 2512 obsit.
1143 2445 1209 2512 Sed
1300 2499 1301 2518 ,

189 2533 279 2620 heus,
301 2535 347 2598 mi
369 2534 533 2621 Meranda,
556 2535 684 2619 quando
707 2539 741 2600 te
764 2536 984 2619 complectar?
1006 2535 1136 2619 quando
1154 2535 1208 2600 ed-

190 2586 305 2706 spectu
328 2643 538 2705 sermoneque
561 2624 650 2691 ιιιιιι
672 2624 811 2688 tuolt
797 2628 834 2687 tu
855 2646 897 2688 ne
920 2624 961 2688 ad
982 2646 1056 2708 nos,
1078 2645 1121 2688 an
1144 2645 1207 2710 ego

190 2711 232 2774 ad
254 2715 288 2775 tc
311 2709 422 2794 prior?
466 2710 540 2797 Ego
563 2711 686 2776 scilicet
708 2712 750 2775 ad
771 2716 813 2776 te.
858 2711 908 2776 ιιι
931 2712 1027 2798 enim,
1050 2734 1124 2776 cum
1148 2734 1209 2796 per

190 2799 268 2864 anni
286 2803 417 2883 tempus
434 2799 557 2885 licebit,
575 2800 616 2864 ad
632 2798 813 2865 Gauderina
831 2801 946 2866 balnea
965 2801 1130 2865 decretum
1149 2805 1210 2888 ιιι,
1299 2811 1300 2828 ’

151 2910 179 2950 ιο
192 2910 275 2973 quae
303 2893 418 2972 quater
445 2893 541 2953 antea
572 2888 696 2972 sumpsi
722 2910 782 2952 nec
809 2910 965 2974 umquam
991 2889 1061 2954 sine
1088 2891 1210 2955 fructu.
1299 2925 1300 2976 ;

191 2997 278 3040 nunc
292 2998 330 3040 eo
345 2999 471 3042 sumam
489 2977 688 3063 diligentius,
701 2977 788 3061 quod
805 2977 960 3043 maiorem
979 2982 1068 3044 actas
1086 2979 1211 3043 morbi-

193 3086 256 3148 que
279 3065 424 3150 grauitas
446 3087 484 3129 ac
506 3066 577 3130 diut
562 3066 702 3130 turnitas
725 3066 907 3132 cautionem
933 3067 1086 3152 postulat
1132 3066 1211 3132 inde

192 3174 361 3217 excurram
383 3153 424 3217 ad
452 3158 499 3239 te,
525 3158 563 3219 ut
585 3159 619 3218 te
640 3153 781 3239 uideam,
807 3160 841 3219 tc
864 3155 1073 3242 complectar,
1099 3160 1212 3222 tecum

193 3241 264 3307 sim
300 3242 351 3306 De
374 3207 524 3327 cydonite
542 3242 608 3327 illa,
630 3242 793 3327 exquisito
810 3244 948 3310 artifieio
970 3245 1125 3330 confecta,
1145 3265 1212 3330 qua
1298 3249 1299 3292 l

154 3348 181 3390 ιι
195 3330 283 3395 cerui
305 3334 357 3396 tot
380 3354 493 3433 annos,
520 3331 703 3416 interrupto
729 3331 907 3400 locorum
897 3337 947 3400 mt
933 3333 1079 3400 terbellis
1107 3332 1212 3400 officii

194 3417 244 3482 tui
266 3440 363 3484 cursu
388 3420 452 3486 nisi
478 3382 536 3486 ιιιι
562 3425 680 3504 sponte
708 3421 749 3485 ad
778 3427 911 3488 consuet
897 3422 1042 3524 tudinem
1065 3421 1213 3510 redieris,

195 3505 368 3588 appellabo
395 3514 429 3576 te
456 3508 548 3596 quasi
575 3531 647 3576 meo
681 3510 852 3594 quodam
842 3533 926 3597 rure,
954 3511 1002 3578 sic
1024 3515 1149 3600 ιιιιιιιι,
1172 3475 1213 3576 ιιι
1297 3525 1298 3548 ¹
