2578 3896
184 197 227 263 66
441 195 541 252 ΧΧΧΙ.
565 193 661 250 Marco
678 193 802 252 Antonio
821 195 940 250 Murato.

184 362 259 425 nost
259 358 287 424 ri
244 357 398 424 ttuale
399 357 509 443 udins,
536 379 609 422 oum
631 355 793 442 rescribis,
815 357 895 421 adde
918 358 1071 444 uerbum,
1099 359 1127 424 si
1151 383 1211 426 me

185 469 281 513 amas.
317 446 407 512 Vale
443 409 571 513 Veiret'
534 450 603 532 t,11s
624 445 720 511 nonis
738 443 819 529 Sept
820 465 929 532 ,quo
951 468 1003 511 me
1027 408 1080 512 di’e
1104 447 1215 514 disce-

186 537 260 602 dere
283 536 480 623 cogitantem
501 555 587 600 noua
608 556 660 599 res
684 535 737 599 det
723 533 830 599 tinuit.
869 533 1077 620 [imnum]

633 956 749 1024 XXXI.

162 1128 175 1170 o
251 1102 378 1169 Marco
402 1099 573 1166 Antonio
597 1099 751 1166 Mureto
774 1098 979 1166 Patauium
1002 1108 1065 1179 (ΙΙΙ,
1081 1110 1137 1178 26).

278 1242 484 1308 Laborabam
514 1241 723 1394 uehementer
756 1242 794 1306 de
828 1240 930 1307 amico
962 1247 1088 1308 nostro:
1120 1265 1212 1310 nunc

190 1333 334 1399 animum
365 1352 474 1396 meum
506 1329 660 1394 constitui
625 1329 861 1415 uitaliquo
852 1334 902 1396 mt
887 1329 1029 1418 t,erdum
1059 1335 1098 1397 ut
1129 1355 1211 1398 uere

191 1422 303 1509 dicam,
322 1423 389 1486 met
390 1441 411 1484 u
374 1419 508 1485 ttfluc
508 1421 587 1482 uant
588 1440 639 1483 em
658 1417 797 1503 epistola
814 1424 879 1484 tua.
911 1422 1009 1504 atque
1027 1419 1212 1488 admotum

191 1510 363 1578 accedebat
395 1507 586 1596 indignatio
623 1507 723 1592 quid?
760 1506 876 1572 uirtuti
907 1530 948 1572 ne
980 1507 1084 1574 deerit
1117 1532 1212 1576 orna-

152 1625 177 1664 ιο
191 1604 335 1666 mentum
358 1602 415 1663 aut
439 1597 536 1662 etiam
557 1596 657 1682 locus,
680 1595 738 1661 ubi
766 1595 871 1662 consis
872 1598 943 1661 tat?
978 1601 1071 1662 tanta
1093 1621 1135 1664 ne
1162 1604 1213 1664 est

191 1695 376 1774 temporum
403 1685 558 1770 iniquitas
587 1690 619 1750 et
605 1685 850 1751 thominum
841 1708 876 1750 m
903 1685 970 1750 suis
998 1686 1127 1752 bonis
1117 1710 1213 1774 igno

191 1781 241 1844 ιιι
227 1778 296 1842 tio?
322 1776 402 1840 haec
425 1796 486 1861 ego
506 1774 697 1858 quandoque
715 1795 848 1839 mecum.
884 1795 970 1838 nuno
993 1796 1115 1841 uacuus
1134 1798 1214 1842 cura

191 1867 257 1930 iam
286 1885 357 1929 sum
387 1867 421 1928 et
450 1884 489 1927 ex
517 1884 569 1947 eo,
598 1863 683 1947 quod
716 1861 896 1950 significas,
923 1866 960 1927 ut
987 1863 1022 1928 in
1054 1869 1215 1949 exoptata

192 1955 331 2037 fortuna,
358 1951 533 2035 triumpho.
579 1951 678 2016 uelim
700 1951 803 2038 igitur
829 1950 859 2015 ιι
877 1971 949 2016 meo
975 1951 1107 2017 nomine
1140 1977 1214 2040 gra-

153 2064 178 2106 ιι
192 2041 314 2108 tuleris.
359 2039 446 2106 Tuos
468 2060 590 2125 uersus,
612 2044 670 2104 tua
691 2041 794 2105 fretus
817 2038 1027 2124 humanitate,
1049 2040 1114 2106 iam
1139 2066 1215 2127 pro-

192 2131 351 2198 miseram.
389 2151 444 2194 eos
463 2129 659 2213 exspectabo
678 2128 834 2211 minima·
845 2128 872 2193 si
886 2128 956 2193 fieri
975 2133 1095 2215 potest,
1113 2130 1215 2197 inter-

191 2221 300 2306 posita
322 2241 420 2285 mora.
465 2240 525 2285 nec
547 2221 584 2282 tu
607 2217 705 2282 uelim
723 2240 774 2281 me
793 2217 945 2282 diuturna
967 2220 1214 2302 exspectatione

193 2311 297 2376 ducas.
343 2308 403 2374 Illa
430 2308 471 2372 ad
493 2307 583 2389 illos,
611 2307 667 2390 qui
693 2310 726 2370 te
752 2327 918 2390 nunquam
939 2312 1102 2391 amanmt,
1133 2331 1216 2394 quos

192 2398 275 2462 male
305 2397 367 2462 scis
395 2396 506 2461 audire
534 2417 592 2461 suo
619 2395 750 2480 merito,
782 2417 838 2460 cur
869 2416 935 2459 non
966 2396 1145 2462 transferas
1175 2399 1216 2463 ad

153 2508 180 2548 ao
194 2485 296 2551 alios?
333 2483 482 2568 equidem
509 2484 636 2548 suadeo,
686 2484 773 2568 quod
800 2483 828 2548 si
859 2487 1004 2547 tenerem
1035 2485 1216 2569 ὑπόθεσιν,

193 2573 288 2637 facile
312 2572 459 2655 dicerem,
483 2571 523 2634 ad
547 2593 651 2654 quem.
680 2567 748 2636 'me
771 2595 789 2637 a
811 2572 939 2637 lusibus
965 2570 1021 2638 καὶ
1044 2572 1109 2640 ἀπὸ
1134 2576 1216 2642 ποιν-

193 2685 262 2728 ιων
288 2671 357 2727 τῶν
390 2658 557 2745 ἐρωτικῶν
589 2658 685 2743 plane
711 2664 842 2726 reuocat
871 2682 937 2726 non
962 2660 1067 2727 solum
1097 2668 1217 2730 natura

84 2767 86 2772 '
193 2771 274 2834 mea,
293 2748 349 2815 sed
367 2752 456 2814 aetas
475 2748 572 2814 etiam
591 2749 750 2814 senectuti
768 2749 912 2834 propior.
949 2747 1068 2835 itaque,
1088 2751 1116 2816 si
1137 2752 1217 2836 quid

194 2840 308 2904 adme
332 2838 468 2921 scribes,
495 2860 635 2923 remoue,
658 2838 774 2903 amabo
797 2843 845 2923 ιι,
868 2837 989 2924 omnia,
1013 2860 1095 2923 quae
1118 2839 1215 2905 Plato

155 2948 182 2990 ιι
197 2927 348 2993 dilexisse
372 2927 514 3012 uidetur,
542 2927 732 3012 ἀφροδίσια.
777 2925 952 3014 Intelligis‚
976 2927 1107 3014 opinor,
1137 2929 1217 3014 quid

196 3016 450 3115 significem,et
485 3016 571 3099 quod
599 3015 760 3116 significo,
792 3020 903 3099 petere
930 3038 982 3080 me
1014 3016 1068 3080 uel
1096 3038 1216 3102 cupere

197 3104 304 3187 etiam,
327 3103 355 3168 si
378 3125 430 3168 me
453 3108 514 3187 put
515 3126 565 3170 as
573 3103 740 3205 ingenium
762 3108 855 3169 tuum
873 3125 978 3189 nosse,
1002 3104 1216 3205 existimabis

196 3193 246 3258 De
279 3191 484 3257 beneuolent
460 3196 506 3257 ιιι
532 3197 589 3257 tua
621 3193 682 3258 etsi
713 3214 889 3294 numquam
920 3157 1013 3258 dubit
999 3192 1080 3281 taui,
1110 3216 1151 3260 ex
1183 3199 1216 3259 ιι

195 3280 337 3347 tamen
328 3302 401 3365 ipso
425 3303 462 3346 ea
466 3303 580 3367 ,quae
604 3286 696 3368 opta,
722 3280 937 3347 libentissime
965 3245 1080 3347 audio.
1107 3303 1217 3367 quam·

156 3393 184 3434 ao
198 3393 295 3455 quam
322 3371 363 3434 ad
391 3333 570 3435 studium
561 3392 596 3435 m
622 3375 656 3434 ιι
683 3391 791 3435 meum
817 3369 900 3435 nihil
927 3369 1016 3472 addit
1043 3371 1217 3436 studiitui

197 3459 466 3526 commemoratio.
511 3480 578 3524 non
601 3459 686 3524 enim
708 3464 742 3523 ιι
765 3478 871 3523 ιιιιιι
894 3457 997 3544 coepi,
1019 3459 1083 3524 ιιι
1073 3482 1146 3544 ipse
1165 3481 1217 3524 me

199 3569 334 3634 amares,
364 3548 420 3614 sed
448 3548 535 3635 quod
562 3547 734 3614 amabilem
762 3547 870 3631 ipsum
898 3569 967 3613 esse
995 3547 1072 3613 duxi
1103 3548 1217 3614 multis
