2578 3896
195 173 238 238 36
473 215 478 224 .
513 171 599 232 xvu,
629 173 724 246 [Petro
742 170 890 243 victorio}

652 403 753 470 XVII.

322 545 454 629 [Petro
477 545 673 628 Victorio]
702 544 941 612 Florentiam
964 548 1014 629 (ΙΙ,
1029 557 1082 622 aa).

285 687 402 756 Gratae
425 689 506 754 mihi
529 693 604 753 tuae
631 687 772 772 11111111,
802 687 1006 774 gratissimus
1034 710 1130 774 uero,
1159 691 1214 774 qui

197 784 230 843 te
254 779 295 842 ad
318 778 524 844 scribendum
546 777 673 842 animus
691 775 888 860 impulita
869 780 965 861 atque
984 799 1045 863 ego
1065 780 1215 844 teantea

170 867 389 969 adiligebam,
418 866 537 952 quod
528 887 709 952 mgressum
737 886 807 930 esse
830 865 963 930 minime
986 865 1191 966 uulgarem
1183 891 1215 933 m

196 957 285 1021 uiam
307 955 362 1020 litt
333 959 491 1021 tterarum
513 956 675 1056 longeque
702 975 762 1037 per
786 974 858 1018 eam
878 954 1072 1038 processisse
1096 955 1214 1020 intelli·
1272 985 1273 988 ¹

194 1066 315 1131 gerem
361 1044 418 1110 sed
448 1045 540 1109 auxit
570 1065 711 1108 amorem
741 1041 776 1106 in
805 1046 838 1107 te
868 1064 976 1107 meum
1006 1042 1085 1108 11111
1116 1066 1136 1107 1
1164 1068 1213 1110 me

195 1155 281 1198 nunc
317 1133 424 1198 minus
460 1135 648 1233 exspectata
685 1152 786 1216 eoque
823 1131 993 1197 iucundior
1032 1131 1197 1198 uoluntat'
1174 1139 1213 1198 111

197 1243 274 1307 erga
296 1241 348 1284 me
372 1225 446 1285 tuae
475 1220 607 1284 minime
637 1219 736 1283 dubia
763 1219 968 1306 significatio.
1013 1220 1101 1286 soleo
1128 1222 1213 1286 enim

152 1331 305 1376 mamare
335 1308 370 1373 in
398 1307 587 1373 hominibus
615 1307 851 1373 humanitatem
880 1309 967 1374 haud
996 1309 1107 1393 paullo
1139 1311 1214 1395 plus

197 1397 378 1463 mehercule
416 1420 513 1482 quam
550 1396 738 1462 doctrinam.
784 1419 821 1462 ac
857 1397 950 1463 doleo
984 1399 1107 1462 factum
1145 1421 1214 1464 esse

196 1490 304 1570 antea,
328 1508 403 1552 casu
428 1486 532 1552 dicam
554 1508 596 1551 an
618 1486 788 1588 uoluntate
811 1486 889 1587 tua?
919 1490 958 1550 ut
981 1486 1105 1551 oriatur
1130 1487 1214 1553 inter

194 1597 255 1729 32³
270 1576 501 1750 11111111
512 1597 562 1729 θ1
582 1574 1214 1749 ⁰lr¹ltilibuladtl⁸tffll⁰al¹⁵ailltit

154 1777 182 1818 11
196 1757 307 1838 potest
330 1759 469 1837 utroque
492 1757 641 1817 nostrum
664 1752 864 1837 disputante,
894 1752 1047 1818 studiosis
1075 1754 1214 1819 fortasse

196 1862 263 1908 non
285 1841 368 1905 nihil
391 1841 426 1905 in
449 1862 486 1905 eo
511 1840 709 1925 consuletur,
736 1840 769 1905 id
797 1841 884 1925 quod
907 1841 1013 1906 111111
1035 1841 1117 1906 meis
1143 1864 1213 1908 con·

197 1928 279 1994 siliis
303 1934 336 1994 et
359 1929 422 1994 fuit
452 1951 580 2014 semper
603 1929 873 2014 antiquissimum.
918 1929 1003 1995 Nam
1026 1931 1115 2015 quod
1144 1954 1215 1996 mea

198 2017 356 2102 quaedam
388 2018 568 2103 improbas:
600 2019 628 2083 si
660 2023 746 2083 recte
780 2019 893 2103 sentia,
925 2019 1029 2083 habeo
1063 2020 1214 2106 gratiam.

197 2127 304 2172 errare
327 2127 461 2192 possum
485 2111 518 2172 et
540 2107 659 2194 corrigi
677 2107 761 2172 uolo.
799 2106 858 2192 sin,
880 2107 938 2172 ubi
963 2107 1001 2172 (11
1024 2130 1097 2174 meo
1117 2131 1215 2174 sensu

153 2221 183 2261 ,11
196 2196 329 2280 iudicas,
351 2202 408 2262 tua
431 2201 464 2261 11
487 2195 573 2261 fallit
591 2196 712 2281 opinio,
735 2217 796 2281 ego
819 2200 937 2281 tamen,
961 2218 1042 2280 quae
1065 2219 1084 2260 a
1105 2199 1214 2263 studio

197 2285 345 2353 ueritatis
373 2285 469 2370 eulpa
497 2290 621 2370 manat,
650 2285 791 2350 libenter
820 2286 860 2349 ad
889 2284 1017 2350 laudem
1048 2291 1213 2352 conuerte.
1274 2321 1275 2364 1

195 2375 307 2458 itaque
331 2375 417 2458 quod
440 2375 581 2439 adhunc
603 2379 731 2458 partem
754 2377 889 2458 spectat,
911 2395 1007 2439 nemo
1026 2373 1139 2440 audiet
1164 2398 1214 2441 me
1274 2403 1275 2410 ¹

198 2467 394 2545 querentem.
445 2463 606 2527 excusabo
633 2468 667 2528 11
696 2466 756 2546 pot
741 2462 807 2527 tius
834 2466 931 2546 atque
959 2461 1070 2563 etiam,
1106 2464 1214 2547 quoad

196 2549 324 2633 licebit,
353 2550 485 2614 ornabo
535 2549 627 2626 Quod
654 2555 776 2635 autem,
806 2572 887 2635 quae
915 2550 995 2616 meis
1022 2550 1214 2637 inscriptis

156 2661 185 2702 11
197 2658 264 2703 non
285 2599 466 2738 improbas,
489 2657 526 2701 ea
549 2637 787 2704 dissimulast
755 2645 787 2704 et
810 2639 844 2704 in
867 2645 942 2705 tuos
964 2642 1214 2706 commentarios

197 2748 269 2792 meo
292 2726 422 2791 nomine
446 2726 674 2829 praetermisso
698 2728 790 2812 quasi
812 2749 897 2793 noua
920 2729 1090 2813 transfers,
1119 2729 1212 2795 mira

197 2820 250 2881 tus
274 2837 345 2880 sum
369 2819 402 2880 et
419 2815 575 2900 requisiui
595 2816 802 2916 paullisper
793 2839 826 2881 m
846 2837 884 2881 eo
902 2816 1037 2882 modest
1013 2820 1094 2881 tram
1113 2822 1211 2883 tuam.

197 2926 292 2990 agam
315 2903 401 2969 enim
428 2908 536 2970 tecum
562 2905 678 2990 libere,
706 2904 802 2970 sicuti
829 2910 946 2971 natura
972 2927 1044 2971 mea
1065 2907 1212 2990 postulat

197 2997 230 3055 et
262 2993 348 3056 111111
379 2993 483 3058 bonos
520 2993 607 3057 uiros
643 3014 782 3078 aequum
815 2999 872 3060 111.
922 2993 982 3060 Illa
1014 2994 1052 3058 de
1084 2993 1213 3060 iudiciis

156 3105 184 3146 11
197 3080 474 3165 extraordinariis,
511 3102 593 3165 quae
624 3087 658 3147 te
690 3082 806 3147 scribis
838 3082 988 3167 edidisse,
1024 3082 1052 3146 si
1085 3082 1212 3148 dederis

197 3191 343 3253 operam,
380 3174 416 3233 ut
452 3169 492 3233 ad
523 3191 576 3234 me
611 3172 828 3257 perferantur,
866 3171 926 3236 1111
959 3193 997 3234 11
1029 3169 1212 3256 discrepare

197 3258 361 3344 significas
393 3280 413 3322 1
444 3257 605 3322 sententia
634 3281 718 3344 mea,
750 3260 934 3346 gratissima
966 3264 1076 3324 tamen
1108 3265 1211 3326 1111111.

196 3351 229 3409 11
261 3347 387 3432 gaudeo
420 3350 453 3411 te
484 3351 552 3411 tarn
586 3368 655 3411 esse
686 3348 874 3434 diligentem
904 3349 940 3412 in
969 3347 1050 3412 meis
1080 3349 1211 3433 scriptis

198 3434 441 3516 paruolutandis
468 3439 502 3499 11
525 3435 725 3501 occasionem
752 3436 815 3500 mei
838 3435 1031 3510 admonendi
1057 3441 1091 3500 et
1115 3437 1211 3502 corri-

156 3543 184 3585 11
198 3522 294 3607 gendi
318 3527 385 3589 tam
407 3523 548 3590 libenter
567 3547 727 3610 quaerere.
765 3524 810 3589 sic
828 3524 914 3588 enim
937 3522 1131 3610 intelligam,
1154 3525 1212 3590 ubi
