2578 3896
424 133 472 190 Vl.
498 133 650 191 Benedicta
669 134 794 191 Accolto.
1073 135 1112 198 11

94 298 205 364 tudini
228 299 348 362 damus.
395 295 498 360 abditi
523 296 636 361 deinde
659 297 694 362 in
717 296 913 381 cubiculum,
937 318 1019 382 quae
1042 297 1114 361 reli-

98 409 184 473 quae
207 390 282 452 sunt
310 389 384 450 ante
413 406 544 450 coenam
567 385 680 469 horae,
708 408 761 449 eas
785 383 946 451 Ciceronis
974 385 1112 450 lectione
1175 429 1185 438 -

96 475 326 542 consumimus¹
373 473 433 537 hac
456 496 517 559 ego
546 496 692 539 meorum
715 473 896 538 studiorum
918 474 1043 539 ratione
1066 475 1113 538 ita

96 566 254 648 delector,
283 567 320 627 ut
349 584 420 626 eam
442 563 496 626 uel
520 563 671 627 omnibus
695 562 839 626 omnium
861 563 989 648 Regum
1012 564 1112 627 fortu-

95 654 149 718 nis
173 657 370 735 anteponam
392 656 425 714 et
449 650 545 715 simul
563 650 726 716 interdum
745 650 953 715 solitudinem
971 650 1113 734 aliquam
1141 671 1154 712 ι

98 745 259 825 spectem,
289 739 346 804 ubi
376 739 438 803 hoc
466 739 533 804 otio
564 739 633 804 sine
662 739 730 803 ulla
757 738 1018 823 interpellatione
1045 739 1113 801 diu·

97 829 226 894 tissime
254 829 406 892 fruamur.
454 827 540 911 quod
566 828 713 911 profecto
743 828 894 912 efficiam,
923 827 950 891 si
978 848 1029 891 me
1052 826 1113 891 hoc

98 916 289 983 emendandi
319 920 467 980 ueterum
496 916 599 980 libros
626 937 735 998 onere,
772 938 835 999 quo
867 937 953 980 nunc
984 914 1114 998 quidem

97 1006 193 1071 ualde
216 1027 355 1089 premor,
377 1004 466 1068 Deus
485 1003 602 1087 aliquis
625 1004 751 1067 leuarit.
796 1004 937 1086 interim,
961 1003 1114 1086 quoniam

97 1097 184 1159 hanc
213 1093 377 1177 Spartam,
410 1115 491 1176 quae
522 1092 656 1178 obtigit,
689 1093 833 1156 deserere
864 1092 933 1156 sine
963 1091 1115 1192 ignauiae·
1128 1114 1154 1154 ιο

98 1182 284 1284 suspicione
307 1203 373 1245 non
396 1203 581 1265 possumus,
611 1186 759 1246 tueamur
786 1201 857 1245 eam
885 1186 981 1264 atquc
1006 1180 1113 1263 etiam,

97 1272 127 1336 si
150 1271 221 1336 fieri
244 1274 363 1354 potest,
385 1291 543 1334 ornemus
582 1292 645 1353 quo
668 1291 753 1334 nunc
776 1269 811 1334 in
829 1291 947 1370 genere
971 1268 1114 1352 aliquan-

98 1365 172 1424 tum
194 1359 393 1440 laboremne,
416 1361 589 1441 propterea
612 1357 742 1442 quod''
721 1381 758 1440 ιι,
782 1358 838 1442 qui
860 1357 1005 1423 nascenti
1024 1379 1113 1422 meae

98 1447 191 1512 laudi
219 1447 327 1511 fauere
358 1445 534 1529 debebant,
566 1445 641 1509 hact
627 1451 722 1509 tenus
752 1446 888 1510 obscure
918 1445 1114 1528 inuidenmt,

98 1557 188 1600 nunc
209 1539 301 1618 aper
303 1557 319 1598 ι
343 1557 360 1598 ι
362 1540 441 1599 1am
464 1533 635 1598 aduersant
621 1537 682 1597 ιιιι.
720 1532 776 1597 sed
797 1556 864 1597 non
886 1533 1012 1615 dubito,
1036 1495 1115 1616 quiri
1129 1554 1155 1596 15

99 1645 230 1690 omnem
252 1622 514 1687 maleuolentiam
540 1621 673 1686 uirtutis
703 1643 766 1704 ope
790 1621 962 1705 aliquando
986 1642 1114 1703 supere-

98 1735 181 1777 mus
228 1733 326 1794 quare
349 1711 441 1795 haec,
469 1710 530 1775 etsi
554 1715 629 1775 sunt
652 1708 790 1775 molesta
817 1708 989 1809 inprimis
1017 1712 1114 1793 atque

97 1801 226 1883 acerba,
247 1804 355 1900 tamen
378 1821 444 1864 non
466 1798 616 1883 efficient,
639 1802 676 1862 ut
662 1798 779 1862 tnrilri
802 1797 921 1862 hoct
887 1797 989 1863 otium
1008 1797 1116 1862 minus

96 1888 286 1972 iucundum,
308 1887 416 1952 minus
438 1910 473 1951 re
497 1887 654 1951 dulcet
612 1892 661 1951 ιιι
708 1887 792 1951 facio
816 1886 903 1951 enim
921 1890 1114 1971 constanter,

100 1977 190 2079 quod
212 1940 391 2042 doctissimi
418 1975 481 2040 uiri
508 1974 777 2059 praecipiunt,u
778 1975 855 2039 tin
881 1974 937 2040 litt
907 1975 1057 2040 tteriset
1079 1974 1114 2039 in
1128 1997 1155 2038 ιι

98 2067 194 2131 iist
164 2065 279 2130 studiis
303 2064 411 2129 omnia
434 2086 562 2149 ponam,
586 2086 666 2148 quae
688 2086 748 2129 nos
769 2063 920 2128 secundis
941 2065 1040 2128 rebus
1064 2062 1115 2126 de-

98 2155 233 2237 lactare,
264 2152 470 2218 aduersist
437 2152 535 2217 etiam
562 2152 674 2217 iuuare
702 2156 846 2236 possunt.
893 2151 928 2214 in
955 2173 1019 2235 qua
1047 2172 1115 2214 sen-

98 2242 181 2307 tent
158 2242 330 2307 tmulto1a
353 2241 525 2307 confirmor
548 2241 664 2327 magis,
690 2262 764 2305 cum
786 2239 949 2322 recordor,
972 2236 1006 2301 id
1029 2236 1117 2320 quod

99 2330 186 2395 facio
220 2329 420 2414 saepissime,
457 2333 557 2413 quant
559 2333 642 2392 ιιι
628 2328 691 2393 tibi
723 2349 818 2392 curae
850 2347 940 2390 meae
972 2324 1115 2389 rationes

99 2418 233 2502 fuerint,
256 2439 319 2502 qua
342 2440 393 2482 me
417 2420 621 2502 praesentem
641 2415 842 2480 humanitate
825 2413 1024 2499 etractaris,
1047 2413 1115 2498 qui·
1129 2435 1157 2476 ιι

100 2509 165 2572 bus
188 2508 356 2572 absentem
379 2506 494 2572 officiis
514 2510 663 2571 ornatum
682 2527 750 2570 esse
769 2503 921 2587 ιιοιιιιιιι,
945 2524 1026 2586 quae
1049 2524 1117 2567 non

98 2595 214 2661 uideor
236 2595 317 2661 mihi
340 2595 406 2660 ullo
428 2599 524 2678 pacto
544 2617 639 2678 posse
658 2594 826 2677 sustinere,
847 2592 911 2657 nisi
934 2613 986 2657 me
1009 2596 1117 2657 totum

99 2685 142 2748 iis
169 2684 296 2748 artibus
323 2683 449 2765 dedam,
480 2705 561 2767 quae
589 2687 664 2748 sunt
692 2704 759 2747 non
787 2681 883 2748 modo
912 2680 953 2745 ad
979 2681 1117 2744 referen-

100 2772 190 2856 dam,
220 2772 337 2836 sedt
305 2772 403 2836 etiam
432 2771 473 2836 ad
502 2771 725 2835 illustrandam
752 2792 811 2870 gra
812 2770 892 2835 tiam
919 2768 1116 2852 aptissimae.

102 2861 191 2945 quod
215 2860 289 2944 quia
312 2881 363 2925 me
387 2860 563 2924 faceret
514 2883 549 2924 m
549 2859 671 2945 telligis
694 2864 727 2924 ιι
750 2858 839 2943 quia,
863 2861 899 2921 ιιι
885 2855 979 2922 t0tc
965 2856 1115 2921 tauianus
1128 2879 1156 2920 ιο

99 2948 230 3032 scribit
203 2953 319 3014 tnon
342 2948 410 3012 exis
413 2949 508 3013 timas
530 2947 611 3013 mihi
634 2969 703 3012 esse
727 2952 784 3031 pat
770 2946 928 3030 tiendum,
957 2948 1057 3029 quant
1059 2967 1115 3009 um

100 3037 282 3122 proficiam,
312 3037 497 3102 confidote
525 3036 563 3100 de
591 3036 685 3101 tuo
676 3060 711 3100 m
737 3057 789 3100 me
817 3034 924 3100 studio
952 3033 1035 3098 nihil
1063 3033 1115 3098 de-

100 3130 186 3190 tract
188 3148 295 3210 urum,
325 3125 421 3210 idque
448 3129 486 3190 ιιι
472 3125 666 3190 tfaciast
633 3125 695 3190 esi
717 3146 784 3189 non
806 3123 893 3188 arbit
879 3129 947 3188 ιιοι
970 3145 1038 3187 esse
1061 3143 1114 3185 ne-

100 3215 285 3299 cessarium,
308 3220 417 3279 tamen
439 3235 636 3300 magnopere
659 3217 804 3299 terogo
841 3211 931 3295 Vale,
954 3209 1023 3274 IIII.
1043 3207 1113 3272 Kal.

101 3301 173 3368 Oct.
191 3302 319 3368 Venet‘'
283 3306 338 3368 tns
362 3301 622 3384 [MDXXXVl‘ll.
1131 3318 1158 3360 ιι

196 3501 229 3548 10
250 3493 334 3550 ‘hanc
354 3494 497 3565 Spartam'
518 3493 574 3549 Cic.
594 3493 631 3548 ad
650 3493 708 3550 Att.
728 3493 774 3561 IV,
790 3498 814 3546 6.
