2578 3896
162 177 205 242 58
309 175 487 230 Ptoocmium
504 174 571 229 libri
590 175 625 230 de
643 174 859 245 Magistratibus
877 175 1020 230 Romanis.

163 338 288 425 gladios
310 337 433 422 primus
454 337 575 402 infecit.
622 337 709 421 quod
736 338 822 402 enim
843 360 909 403 non
932 338 1027 403 modo
1047 337 1189 422 iustum,

163 427 219 492 sed
245 448 304 490 nec
327 426 482 491 usitatum
510 430 604 490 antea
631 427 749 513 fuerat,
780 426 814 490 id
840 430 955 510 postea
981 448 1022 490 111
1055 448 1187 492 nouum

162 516 334 598 uideretur,
358 516 507 579 effectum
525 517 583 579 est.
619 514 730 599 itaque
754 537 827 579 cum
845 515 971 599 aliquot
989 519 1066 598 post
1085 516 1188 580 amris

162 604 197 669 P.
222 603 384 688 Sulpicius
411 603 566 688 primum,
593 607 630 667 ut
658 603 747 668 uisus
770 607 832 687 est,
859 626 925 668 non
948 603 1089 686 pessime
1113 604 1187 668 ani-

136 697 282 779 smatus,
309 692 422 757 deinde
446 691 514 756 siue
533 691 710 756 ambitione
735 691 899 777 inductus,
922 691 990 756 siue
1013 692 1187 756 iracundia

163 781 342 847 concitatus
360 781 401 845 ab
421 779 545 864 optima
568 801 679 844 caussa
702 780 889 845 desciuisset
907 781 1082 864 eademque
1102 781 1187 868 fere,

164 892 245 954 quae
269 869 332 934 duo
361 868 509 956 Gracchi,
537 869 571 933 in
596 869 768 933 tribunatu
790 869 900 952 plebis
922 873 978 933 aut
1001 873 1087 932 certe
1111 892 1185 934 non

163 957 331 1024 dissimilia
353 957 536 1022 moliretur:
564 957 658 1022 facile
686 957 726 1020 ad
752 957 821 1021 uim
849 958 945 1021 etad
969 957 1080 1021 caedes
1105 980 1184 1041 pro-

162 1047 254 1131 lapsa
285 1069 336 1112 res
365 1051 422 1111 est.
467 1068 573 1130 neque
601 1045 693 1129 prius
722 1067 809 1109 arma
837 1045 1043 1131 quieuerunt,
1078 1067 1184 1129 quam

123 1160 148 1200 ιο
163 1135 283 1200 ciuium
311 1156 429 1220 magna
452 1138 556 1219 parte,
569 1131 727 1198 trucidata
751 1137 807 1198 aut
831 1134 932 1198 eiecta
954 1133 1050 1198 unius
1073 1134 1184 1199 libido

162 1223 307 1307 antiquis
329 1222 459 1308 legibus
482 1244 542 1305 par
560 1225 656 1305 atque
676 1222 773 1286 etiam
797 1223 944 1306 superior
967 1244 1035 1287 1111
1059 1223 1184 1307 coepit.

164 1311 251 1396 quod
277 1332 383 1394 neque
411 1314 624 1394 timensque
652 1314 766 1394 postea
790 1311 988 1397 contigisset,
1012 1311 1053 1395 si,
1078 1333 1183 1395 quam

163 1399 325 1484 sapientes
348 1399 381 1463 in
406 1399 584 1464 scribendis
610 1398 740 1484 legibus
770 1399 908 1464 maiores
937 1401 1079 1484 fuerant,
1109 1405 1182 1465 tam

161 1488 197 1553 in
220 1487 364 1553 creandis
386 1488 631 1574 magistratibus
654 1488 739 1552 cauti
763 1489 886 1572 posteri
908 1488 1054 1552 fuissent.
1091 1510 1183 1573 nam,

122 1578 223 1642 111111
250 1581 424 1643 1111111111
448 1576 572 1663 geritur
595 1575 727 1660 publica
749 1599 813 1663 res,
839 1577 903 1641 nisi
933 1576 1183 1661 praestantibus

162 1667 242 1732 uiris
274 1666 402 1750 acrique
435 1687 471 1729 ac
490 1687 608 1750 magno
637 1665 743 1729 animo
767 1665 922 1748 praeditis
946 1665 1182 1750 committatur,

161 1760 270 1820 tamen
294 1753 477 1838 ¹periculosa
505 1753 540 1816 in
567 1753 681 1837 primis
708 1754 787 1817 haec
815 1757 864 1818 est
892 1757 924 1818 et
950 1753 1077 1818 lubrica
1100 1777 1182 1819 sane

162 1843 362 1907 deliberatio.
407 1845 589 1928 propterea,
614 1842 700 1925 quod
717 1864 785 1906 non
801 1842 1034 1928 languentibus
1056 1842 1092 1906 in
1110 1843 1182 1908 ani·

162 1931 236 2018 mis,
260 1929 373 1995 sedin
397 1929 511 1994 erectis
534 1930 699 1994 mentibus
722 1952 758 1994 ac
786 1931 935 1996 maximis
958 1931 1099 2016 ingeniis
1124 1931 1182 1996 do-

109 2037 149 2082 11
162 2019 305 2084 minandi
334 2017 493 2102 cupiditas
521 2019 672 2084 exoritur.
719 2019 878 2084 honorum
901 2042 972 2105 spe,
994 2019 1112 2104 fateor,
1138 2020 1181 2084 ad

161 2109 302 2196 laboreS,
331 2107 370 2172 ad
398 2107 598 2192 industriam,
630 2107 670 2171 ad
703 2108 869 2172 subeunda
901 2107 999 2172 etiam
1031 2107 1181 2192 pericula

161 2199 308 2263 homines
327 2193 596 2262 excitantum'sed
613 2196 648 2259 in
664 2195 767 2261 libera
786 2197 917 2261 ciuitate
937 2200 995 2282 est,
1015 2200 1180 2279 quatenus

162 2289 278 2371 cuique
302 2286 457 2372 credatur,
481 2289 513 2350 11
536 2285 571 2350 in
594 2285 697 2349 danda
725 2289 887 2368 potestate
910 2285 938 2350 si
960 2285 1076 2349 modus
1099 2286 1180 2350 reti-

160 2377 301 2460 nebitur,
323 2375 437 2438 modus
459 2374 539 2438 item
561 2373 596 2437 in
619 2375 758 2459 gerenda
781 2373 972 2438 seruabitur.
1018 2372 1179 2459 legitimis

122 2484 147 2524 11
162 2463 248 2527 enim
271 2462 491 2546 potestatibus
510 2467 543 2525 et
561 2462 734 2548 moderatis
757 2461 901 2546 imperiis
924 2461 1022 2526 alitur
1039 2461 1179 2526 libertas

160 2572 266 2634 neque
294 2549 387 2613 facile
416 2549 586 2632 quisquam
613 2548 698 2635 uult,
731 2551 818 2633 quod
846 2572 879 2614 se
907 2572 1002 2634 posse
1026 2550 1179 2634 desperat

161 2643 207 2723 11,
232 2638 287 2722 qui
309 2641 436 2702 tantum
459 2641 578 2723 potest,
601 2642 757 2721 quantum
780 2639 807 2702 si
831 2643 1053 2723 consequatur,
1077 2639 1179 2704 ceteri

160 2725 243 2792 nihil
266 2730 412 2810 possent,
440 2726 494 2790 hic
521 2725 548 2791 si
571 2726 675 2791 malus
699 2731 756 2812 est,
778 2731 940 2810 potestate
963 2728 1002 2790 fit
1026 2727 1176 2792 deterior.

161 2816 211 2881 sin
234 2817 280 2880 ita
299 2815 444 2880 moribus
463 2814 648 2900 exploratis,
671 2820 708 2880 ut
726 2819 821 2879 antea
838 2814 921 2880 nihil
938 2837 1043 2899 neque
1061 2815 1178 2879 fecerit

120 2926 147 2967 1ο
160 2905 330 2992 indignum
359 2904 444 2969 bono
468 2904 538 2969 uiro
561 2926 666 2987 neque
689 2902 842 2987 uoluerit,
872 2903 1033 2968 interdum
1056 2907 1177 2988 tamen,

161 2997 198 3058 ut
220 2993 361 3056 humana
388 2997 567 3073 mutantur,
599 3015 617 3056 a
649 2992 746 3056 rectis
775 2992 1029 3079 cogitationibus
1052 2992 1093 3055 ad
1115 2991 1177 3055 ini-

162 3102 242 3166 quas
264 3079 416 3144 libidines
439 3080 618 3144 traducitur
641 3085 673 3145 11
697 3085 809 3165 peccat
833 3103 870 3146 eo
894 3081 976 3165 ipso,
1003 3080 1079 3164 quia
1102 3101 1175 3165 pec·

161 3191 233 3234 care
259 3167 473 3253 permittitur,
500 3172 538 3232 ut
565 3169 677 3252 possit.
724 3168 879 3246 Quocirca
902 3169 1041 3253 patriam
1069 3191 1175 3233 meam

161 3258 317 3345 singulari
341 3256 501 3340 sapientia
523 3257 706 3321 institutam
734 3280 770 3322 ac
800 3258 909 3323 diuino
938 3259 1077 3342 quodam
1101 3279 1176 3322 con-

120 3369 146 3410 11
161 3347 233 3411 silio
257 3350 470 3431 temperatam
497 3344 573 3408 licet
597 3346 788 3411 existimare.
838 3343 873 3411 in
896 3369 959 3431 qua
981 3368 1085 3430 neque
1109 3367 1176 3409 ma-

160 3436 316 3521 gistratus
344 3434 441 3500 iidem
472 3433 713 3517 continuantur,
744 3436 830 3520 quod
858 3440 907 3500 est
934 3434 1108 3500 seruandae
1137 3455 1175 3499 ac

164 3523 341 3588 liutissime
374 3523 559 3589 retinendae
592 3523 790 3607 reipublicae
827 3524 993 3589 uinculum
1029 3521 1174 3586 firmissi-
