2578 3896
153 167 199 229 44
413 163 513 222 XVIII
542 162 585 216 Ad
604 161 752 218 alfonsum
771 157 918 217 Garatom

154 350 221 392 non
249 325 399 410 ambit't,10
427 348 508 411 quae
537 347 633 410 saepe
661 322 860 409 praeclare
851 329 935 388 recta
901 321 1182 389 tafrmdamenta

156 416 289 482 uirtutis
313 377 444 497 euertit,
473 436 540 479 non
562 413 779 496 commodum,
804 433 881 477 non
899 412 956 477 illa
979 412 1076 477 bonis
1098 413 1181 478 arti-

157 505 256 569 bus
247 503 378 569 mimica
404 464 521 587 udlupt
522 526 557 568 as
585 503 626 567 ab
654 502 716 566 hoc
744 501 851 566 studio
879 500 1020 565 deduxit.
1068 523 1105 565 ac
1133 525 1181 566 ne

156 615 242 658 nunc
266 592 396 678 quidem
419 593 563 678 langues,
587 614 660 656 cum
678 595 788 655 tamen
806 589 914 654 omnia
932 588 1042 654 uideas
1062 589 1179 656 ardere

129 682 243 746 abello
267 702 493 783 armorumque
517 676 666 764 strepitu
681 701 774 744 aures
797 682 872 743 tuae
897 678 1042 764 quotidie
1064 701 1177 762 perso·

155 775 242 836 nent
289 770 381 855 quin,
413 770 490 834 dum
522 767 630 853 patrui
663 768 726 852 tui,
760 765 895 832 Carolus
928 765 1108 832 cardinalis
1142 774 1176 833 et

156 857 292 924 Ioannes
314 858 453 923 Palliani
476 858 599 945 11ι,ιι
577 861 714 942 uterque
737 856 780 921 ob
804 855 961 922 uirtutem
984 855 1175 921 immortali-

157 953 225 1012 tate
257 947 479 1034 dignissime,
515 947 719 1030 maximeque
753 948 847 1029 pater
882 949 972 1029 tuus,
1008 943 1174 1010 Antonius

156 1036 302 1101 Marchio
323 1035 540 1121 Montisbelli,
568 1039 665 1100 natus
692 1034 732 1098 11
760 1055 888 1098 omnem
911 995 1049 1120 gloriam
1072 1033 1175 1098 omni-

117 1146 143 1186 ιο
158 1146 220 1209 que
244 1124 396 1208 princeps
417 1123 511 1188 11111
540 1123 682 1188 cumulat
668 1127 722 1188 111
749 1122 864 1187 urbem
885 1122 1079 1187 Romamt
1047 1127 1079 1186 et
1104 1123 1175 1188 iura

157 1212 329 1278 Pontificia
351 1216 445 1277 tuent
446 1235 497 1295 ur,
525 1211 670 1296 partes
661 1233 696 1276 m
723 1211 809 1276 bello
838 1211 974 1295 quisque
1002 1232 1076 1276 suas
1100 1233 1174 1292 con-

94 1319 96 1323 ·
158 1300 245 1384 silla,
273 1299 457 1386 uigilem,
398 1300 444 1364 tia
483 1300 674 1366 fortitudine
697 1299 744 1364 111
710 1300 914 1384 te,xplent
941 1304 979 1364 ut
1005 1299 1175 1402 antiquam

157 1388 316 1454 maiorum
344 1411 475 1455 suorum
503 1393 636 1455 consuet
622 1388 767 1454 tudinem
789 1389 930 1453 referent
916 1388 1041 1474 t‚ipse
1069 1390 1137 1453 te
1128 1412 1173 1454 m·

157 1483 247 1543 terea
269 1477 476 1543 continesin
503 1478 569 1544 tuis
596 1477 794 1562 perennibus
821 1477 937 1542 studiis
964 1476 1173 1562 animumque

117 1586 144 1628 ιι
157 1572 229 1632 tum
251 1567 324 1632 11111
347 1589 465 1653 magno
482 1567 636 1668 Principe
659 1566 766 1652 dignis
789 1565 978 1650 uirtutibus,
1000 1570 1071 1630 tum
1094 1585 1173 1632 uero

158 1656 298 1721 maxime
322 1656 442 1722 excolis
465 1655 628 1740 eloquent
620 1677 664 1740 ι1,
688 1655 762 1719 1111
748 1658 852 1719 torem
875 1654 909 1719 in
933 1677 970 1718 11
993 1655 1172 1740 ducemque

156 1749 270 1809 nactus
307 1743 417 1808 diuino
460 1743 598 1827 quodam
639 1765 771 1808 munere
808 1743 916 1808 uirum
952 1742 1173 1829 excellentem,

156 1831 311 1897 Ioannem
328 1831 478 1896 Paullum
496 1831 655 1915 Flauium,
675 1831 730 1916 qui
749 1836 781 1896 te
799 1853 885 1897 nouo
905 1832 1044 1916 quodam
1062 1833 1171 1916 plane·

158 1941 220 2004 que
248 1919 430 1985 admirabili
458 1942 576 2007 genere
603 1920 804 2006 disciplinae,
834 1920 1010 1986 abductum
1037 1943 1057 1984 a
1080 1921 1171 2008 uulgi

117 2029 144 2069 ro
158 2008 322 2074 erroribus
357 2029 416 2092 per
448 2009 603 2074 directam
639 2009 787 2074 semitam
824 2009 864 2073 ad
901 2009 1054 2074 eximium
1092 2010 1171 2074 illud

157 2098 277 2164 ueteris
299 2097 463 2163 Romanae
490 2098 622 2185 linguae
649 2098 746 2163 decus
773 2098 867 2162 facile
895 2098 997 2184 ducit,
1026 2119 1091 2183 quo
1120 2097 1171 2164 uel

157 2209 230 2253 cum
253 2187 386 2255 summis
409 2186 579 2253 laboribus
601 2209 638 2252 ac
661 2185 785 2274 uigiliis
808 2186 972 2271 adspirare
995 2187 1092 2272 pauci
1117 2192 1171 2252 aut

156 2277 293 2342 fortasse
317 2276 415 2341 etiam
438 2299 535 2342 nemo
558 2280 677 2360 potest.
723 2296 917 2360 quamquam
941 2298 992 2341 me
1015 2297 1171 2343 nonnum·

158 2385 255 2448 quam
282 2365 320 2428 de
348 2368 437 2429 statu
459 2365 595 2431 Latinae
621 2364 754 2451 linguae
781 2364 980 2517 cogitantem
1007 2364 1172 2430 miseratio

117 2473 143 2513 ιι
158 2452 314 2536 quaedam
338 2473 411 2517 cum
434 2455 550 2518 acerbo
570 2453 713 2518 doloret
691 2453 813 2606 tangit.
851 2453 986 2538 quodt
960 2455 1172 2519 defuturum

158 2539 265 2604 animo
289 2559 424 2624 aemam,
447 2545 485 2605 ut
507 2541 587 2605 haec
610 2545 726 2625 perto
727 2542 830 2607 tiam
853 2541 988 2628 saecula,
1010 2543 1137 2607 etot
1128 2566 1173 2607 m·

157 2627 262 2714 gemis
281 2630 349 2692 tam
367 2591 541 2714 diligenter
559 2629 625 2694 cult
612 2634 645 2694 ta
662 2629 734 2694 Lat
709 2633 778 2696 tme
796 2631 1026 2696 scribendit
975 2634 1026 2696 rat
1027 2630 1069 2732 1ο,
1090 2653 1174 2716 quae

157 2720 326 2801 parentem
347 2718 424 2782 nost
424 2739 494 2782 ram
511 2717 639 2783 Italiam
657 2719 856 2804 nobilitant,
879 2741 961 2805 quae
979 2720 1063 2784 tot
1054 2743 1088 2785 1n
1113 2742 1172 2786 nos

157 2804 272 2872 merita
238 2805 447 2892 toontulit,
420 2809 528 2872 ttae
514 2811 581 2872 tate
605 2808 734 2873 demum
756 2813 880 2893 nostra,
907 2807 970 2874 nisi
993 2809 1172 2876 remedium

116 2915 144 2955 ao
158 2892 289 2978 aliquod
311 2893 469 2961 diuinitus
491 2895 667 2984 exstiterit,
698 2918 789 2962 suam
815 2898 1020 2963 honestatem
1043 2921 1173 2964 omnem

155 2981 304 3067 neglecta
326 3004 458 3086 prorsus
475 2983 511 3049 in
528 2948 724 3070 perpetrium
743 2985 857 3051 amitte
858 2987 1052 3070 tquod
1027 3009 1055 3051 s1
1074 2988 1174 3052 rebus

156 3068 351 3135 inclinatis
342 3093 408 3136 ram
425 3072 555 3158 iamque
573 3074 763 3140 cadentibus
782 3096 878 3160 opem
896 3075 980 3139 ferre
1000 3075 1173 3176 quisquam

155 3162 274 3244 potest,
297 3181 380 3225 unus
400 3162 587 3228 estPaulus
605 3162 669 3250 IV„
686 3163 840 3228 Pontifex
859 3163 1004 3229 omnium
1027 3163 1173 3248 optimus

156 3209 305 3332 idemqire
328 3247 438 3315 diuina
464 3251 576 3334 potius
604 3273 701 3335 quam
728 3252 869 3317 bumana
897 3252 1058 3335 sapientia
1081 3273 1172 3353 prae·

116 3357 144 3396 aa
157 3335 252 3399 ditus
299 3359 396 3421 unus,
419 3338 564 3424 inquam,
592 3342 648 3403 aut
670 3361 765 3405 nemo
788 3361 942 3424 umquam
965 3345 998 3403 et
1020 3339 1093 3404 Lat
1068 3343 1170 3404 tanam

156 3421 303 3522 linguam
331 3429 365 3489 et
386 3425 563 3491 laudabilia
590 3449 735 3513 quaeque
764 3428 870 3494 studia
897 3428 1078 3492 ueterem
1069 3451 1104 3491 1n
1127 3428 1170 3490 di

178 3509 316 3578 uitatem
348 3513 535 3616 uindicabit.
582 3516 637 3601 qui
670 3538 743 3582 cum
774 3517 838 3581 frat
824 3520 874 3581 ter
904 3515 1003 3581 fuerit
1035 3515 1088 3579 aui
1121 3513 1169 3579 tui
