2578 3896
401 192 435 250 V.
464 191 635 262 Hieronymo
656 193 820 265 Seripando.
1096 193 1117 256 9

98 376 215 419 earum
239 352 358 418 artium
381 353 519 439 fruetus,
543 354 662 439 quibus
684 378 736 420 me
760 356 801 420 ab
826 355 957 422 ineunte
980 354 1122 439 pueritia

101 443 267 525 dederam,
301 441 453 528 colligere
482 465 533 506 me
563 444 749 529 sperabam,
780 466 866 511 nunc
896 444 1025 528 quidem
1053 465 1120 508 non

102 529 164 595 illa
191 530 297 595 solum
324 529 524 596 iucunditate
557 553 706 598 concessa
738 533 803 597 iam
830 532 936 597 animo
965 532 1121 617 prinarer,

101 619 161 684 sed
197 617 423 684 acerbissimos
465 619 562 684 etiam
603 621 729 686 dolores
770 620 979 704 miseriasque
1020 620 1120 704 perci·

101 728 225 792 perem.
266 707 354 771 nosti
372 711 481 772 autem
501 708 572 791 ipse
596 712 642 793 tu,
664 730 706 774 an
724 710 791 774 ulla
808 709 912 774 Musis
935 707 968 772 et
985 708 1119 772 Phoebo
1148 731 1162 771 a

102 817 180 861 eum
202 794 387 860 huiusmodi
418 795 503 860 euris
526 797 717 861 commercia
740 798 813 862 sint.
859 819 912 861 me
935 795 1064 881 quidem
1087 796 1120 859 in

101 883 159 948 his
182 883 342 948 molestiis
365 882 536 970 degentem
559 885 734 949 excludunt
757 907 891 969 prorsus
914 906 933 948 a
956 887 1122 950 eonsuetu-

104 971 182 1036 dine
212 991 277 1036 sue.
325 993 388 1055 quo
419 973 542 1036 factum
570 977 633 1056 est,
662 977 699 1037 ut
728 995 794 1038 non
823 974 918 1038 modo
948 972 1123 1057 quidquam

103 1081 262 1143 umquam
293 1059 476 1124 litterarum
510 1060 551 1123 ad
581 1066 614 1124 tc
647 1062 815 1147 conficere,
848 1062 904 1126 sed
934 1083 975 1125 ne
1004 1061 1122 1124 Bitotti

104 1147 239 1232 quidem
267 1147 425 1232 principis
452 1147 646 1214 lectissimae
675 1150 813 1215 feminae
842 1154 875 1214 et
898 1149 1042 1234 Scipioni
1067 1147 1121 1213 Oe·
1137 1173 1164 1213 ro

104 1235 219 1320 pyeio,
255 1235 346 1301 cuius
379 1236 592 1302 eruditionem
629 1238 761 1322 plurimi
795 1239 892 1324 facio,
928 1237 1121 1322 respondere

105 1323 282 1409 potuerim,
306 1345 501 1409 quamquam
519 1325 621 1391 serius
640 1327 805 1412 aliquanto
825 1349 1017 1414 cognoscere
1036 1327 1123 1411 quod

105 1411 213 1476 uelint
242 1435 338 1496 quam
368 1413 446 1498 cito,
476 1414 562 1497 quod
588 1437 654 1481 non
681 1416 727 1480 ita
755 1420 885 1503 gratnm
908 1416 964 1500 sit,
992 1415 1122 1480 omnino

104 1499 175 1564 illis
199 1501 342 1583 optatius
362 1523 431 1566 esse
451 1501 556 1568 debet.
594 1503 689 1586 cupio
709 1504 803 1588 enim,
826 1504 884 1568 nbi
907 1503 1049 1586 primum
1071 1502 1123 1566 his

104 1588 264 1654 fluetibus
296 1611 438 1654 emersus
471 1612 545 1654 eum
575 1595 706 1674 portum
736 1591 890 1677 attigero,
923 1612 1019 1674 quem
1049 1590 1122 1673 ipsa
1137 1612 1164 1653 15

103 1681 218 1742 mente
241 1679 332 1761 quasi
356 1678 395 1743 de
418 1679 549 1762 specula
573 1678 710 1763 quadam
733 1680 830 1765 longe
853 1679 995 1762 intueor,
1018 1678 1123 1743 doctis

106 1765 261 1832 omnibus
284 1771 317 1830 et
340 1767 453 1850 probis
476 1767 603 1852 tibique
626 1768 661 1832 in
684 1767 799 1852 primis
817 1767 1010 1852 satisfacere,
1033 1766 1123 1832 euius

106 1853 240 1939 quidem
263 1854 351 1940 quod
373 1855 407 1919 in
430 1855 607 1921 amicitiam
630 1857 847 1944 peruenerim,
873 1860 954 1942 puto
976 1878 1028 1921 me
1053 1855 1122 1940 qui-

107 1943 183 2007 dem
220 1943 387 2030 egregium
425 1948 523 2029 atque
559 1945 760 2030 praeclarum
801 1968 870 2011 esse
907 1950 1122 2011 consecutum.

104 2031 219 2116 itaque
242 2054 308 2096 non
331 2032 426 2097 modo
450 2033 579 2117 faciam,
605 2034 692 2119 qnod
714 2034 808 2100 iubes
832 2035 870 2098 de
894 2033 1024 2098 edendis
1048 2032 1122 2098 San·
1137 2057 1166 2096 ao

104 2119 229 2184 nazarii
259 2121 489 2205 monumentis,
523 2123 579 2186 sed
608 2121 643 2187 in
672 2122 807 2207 reliquia
837 2123 948 2206 etiam,
981 2143 1062 2206 quae
1090 2126 1122 2184 te

106 2208 194 2273 uelle
223 2230 368 2293 quaeque
400 2209 454 2274 uel
481 2209 522 2276 ad
548 2211 676 2276 laudem
703 2211 757 2276 uel
783 2210 824 2275 ed
852 2209 1124 2273 existimationem

107 2301 200 2361 tuam
224 2297 386 2380 pertinere
414 2297 622 2382 existimab0,
651 2298 733 2362 dabo
763 2319 908 2381 operam,
936 2300 973 2360 ut
1000 2295 1123 2359 metui

107 2389 303 2469 tuarumque
335 2408 443 2454 rerum
474 2386 747 2451 studiosissimum
778 2385 957 2470 intellegas.
1006 2381 1123 2448 Sanna-

106 2473 187 2538 zarii
210 2477 318 2538 autem
340 2474 445 2540 nostri
470 2474 569 2540 editio
593 2474 620 2539 si
643 2474 786 2561 longius,
813 2496 908 2558 quam
932 2477 1000 2538 erat
1023 2472 1165 2538 animia

107 2560 159 2626 tui
190 2561 397 2648 desiderium,
429 2563 528 2628 dilata
558 2567 621 2648 est,
654 2563 736 2649 noli,
772 2564 920 2647 obsecro,
949 2566 1123 2647 propterea
1190 2619 1193 2626 .

106 2671 159 2714 me
183 2671 332 2716 accusare
354 2673 458 2735 neque
482 2651 609 2717 eredere
636 2652 742 2739 magis
770 2652 803 2717 id
831 2674 903 2716 mea
925 2652 1021 2735 eulpa
1043 2651 1123 2733 fieri,

107 2759 206 2822 quam
245 2739 455 2823 quorumdam
494 2739 662 2806 hominum
698 2740 909 2824 improbitate
946 2744 1043 2823 atque
1077 2740 1122 2804 in-

105 2826 211 2911 uidia,
243 2827 298 2911 qui
327 2850 393 2914 me,
426 2850 498 2893 cum
528 2828 638 2894 iuuare
669 2834 701 2893 et
730 2832 865 2912 possent
897 2832 929 2892 et
959 2828 1123 2911 deberent,

107 2914 215 2980 odisse
237 2937 275 2981 ac
296 2915 449 2982 insectari
472 2916 663 2982 maluerunt.
710 2916 796 3000 quod
818 2921 927 2981 temen
950 2916 1122 2981 incommo-
1136 2943 1165 2984 eo

107 3003 185 3068 dum
214 3004 336 3088 partim
369 3027 430 3089 ope
459 3005 521 3070 Dei
550 3003 624 3088 Opt.
647 3004 731 3070 Max.
760 3005 881 3090 partim
909 3009 1021 3070 nostre
1054 3003 1122 3068 dili-

106 3091 219 3178 gentia
242 3092 335 3157 breui
359 3093 524 3158 sublatum
546 3093 587 3157 iri
610 3115 785 3178 speramus.
826 3093 935 3177 itaque
958 3093 1122 3159 renouatis

109 3179 215 3245 denuo
240 3180 489 3269 characteribus,
513 3203 576 3266 quo
600 3181 704 3268 magis
726 3181 894 3246 clarissimi
914 3180 1049 3247 Comitis
1072 3180 1122 3242 de-

109 3267 228 3334 siderio
261 3271 490 3354 respondeant,
522 3270 568 3334 ita
598 3269 844 3354 impressionem
876 3269 953 3334 libri
985 3270 1122 3332 matura-

110 3356 232 3442 bimus,
255 3362 292 3422 ut
314 3357 411 3442 nihil,
434 3358 521 3443 quod
544 3358 586 3424 sit
608 3359 643 3423 in
666 3358 773 3423 studio
798 3358 954 3442 positam,
980 3357 1121 3439 praeter·
1136 3381 1164 3422 ec

108 3444 238 3510 missuri
262 3446 371 3511 simus.
411 3451 463 3531 tu,
486 3445 513 3512 si
535 3468 596 3513 nos
619 3446 747 3534 diliges,
770 3450 807 3510 ut
829 3445 985 3508 haetenus
1007 3442 1122 3527 fecisti,

109 3533 237 3599 uidebis
261 3534 447 3623 diligenter,
470 3557 511 3600 an
533 3535 568 3600 in
591 3558 628 3600 ea
650 3535 810 3600 librorum
828 3531 1036 3617 supellectili,
1060 3553 1122 3615 qua
