2578 3896
211 199 255 265 ἸΟ
430 194 555 252 XXXIII.
577 195 622 249 Ad
639 193 808 250 Michaelem
827 193 1007 252 GhIslerium.

211 361 354 426 illustres
380 357 467 426 libri.
514 363 546 425 et
573 357 717 441 interim,
750 356 841 442 quasi
870 356 1036 442 specimen
1069 357 1228 443 quoddam

212 453 268 514 aut
302 447 422 536 pignus
450 451 580 512 nostrae
612 446 804 530 uoluntatis,
837 445 969 532 egregia
1002 447 1160 531 quaedam
1193 449 1228 516 de

211 537 375 604 locutione
398 535 460 602 Dei
483 535 525 599 ab
550 534 721 600 excellenti
749 535 820 600 uiro
843 534 1027 619 conscripta
1054 536 1120 620 piis
1143 559 1229 602 men·

212 626 303 691 tibus
330 647 366 691 ac
390 645 552 691 sacrorum
578 623 769 708 litterarum,
792 622 876 688 idest
899 644 995 687 uerae
1017 623 1142 710 gloriae
1166 630 1230 692 stu-

185 736 198 778 s
212 715 311 782 diesis
326 712 625 780 communicandum
639 712 829 777 censuimus.
853 733 935 796 quae
949 712 1077 778 duabus
1089 714 1230 780 maxime

212 805 251 870 de
274 802 404 890 caussis,
427 801 702 886 praestantissime
726 799 786 886 uir,
808 804 866 865 tuo
885 801 1014 866 nomine
1033 801 1144 867 decuit
1164 825 1230 868 esse

212 892 381 976 inscripta:
413 889 569 978 primum,
597 889 683 974 quod
711 893 861 973 suscepto
884 887 1077 954 Academiae
1099 896 1230 956 nostrae

211 979 389 1068 patrocinio
412 979 496 1044 nihil
519 977 764 1064 praetermittis,
792 977 879 1062 quod
897 978 937 1043 ad
960 1000 1030 1042 eam
1055 980 1230 1044 ornandam

212 1069 454 1156 augendamque
478 1067 648 1154 pertineat,
672 1070 704 1131 et
726 1088 800 1152 nos,
823 1088 904 1150 quae
928 1088 947 1130 a
969 1070 1003 1131 te
1026 1068 1136 1132 officia
1159 1091 1230 1154 pro

172 1181 198 1222 ιο
212 1158 407 1240 ficiscuntur,
423 1156 542 1240 quibus
556 1155 681 1241 animis,
696 1177 792 1239 quam
805 1155 995 1238 libentibus,
1015 1177 1113 1240 quam
1128 1159 1229 1244 gratis

213 1245 427 1330 excipiamus,
458 1243 567 1328 aliquo
600 1243 678 1308 item
711 1243 818 1310 officio
852 1265 925 1309 cum
957 1243 1021 1328 ipsi
1052 1245 1132 1330 tibi,
1161 1251 1228 1311 tum

213 1333 329 1399 ceteris
347 1331 499 1398 omnibus
517 1332 692 1397 indicatum
710 1332 914 1416 maximeque
933 1332 1145 1417 perspicuum
1164 1356 1229 1400 essa

212 1421 374 1508 cupimus3
406 1420 536 1505 deinde,
568 1443 650 1506 quae
678 1421 716 1485 de
744 1421 814 1486 Deo
841 1420 1034 1508 loquuntur,
1066 1421 1107 1487 ad
1136 1444 1228 1508 quem

212 1511 323 1598 potius
351 1510 439 1576 mitti
466 1531 606 1594 aequum
633 1509 710 1597 fuit,
738 1531 835 1594 quam
858 1509 898 1573 ad
921 1530 1009 1596 eum,
1039 1509 1096 1594 qui
1122 1511 1228 1577 diuina

173 1620 200 1663 rs
213 1600 319 1667 studia
341 1599 376 1665 in
404 1599 492 1665 omni
515 1620 591 1664 suaa
618 1598 705 1663 uitae
728 1618 824 1663 cursu
851 1598 975 1663 cunctis
998 1603 1031 1662 et
1055 1599 1179 1684 opibus
1200 1603 1230 1663 et

213 1687 393 1756 honoribus
425 1686 634 1771 anteposuit?
684 1687 740 1771 qui
772 1708 845 1753 oum
877 1687 1061 1753 uniuersam
1094 1688 1136 1754 de
1163 1689 1229 1754 Deo

214 1776 397 1861 diuinisque
430 1776 528 1841 rebus
567 1775 747 1840 doctrinam
784 1775 1022 1841 accuratissime
1060 1777 1230 1862 quaesiuit,

134 1883 137 1892 '
213 1869 285 1932 tum
307 1885 384 1929 uero
409 1885 481 1928 cum
505 1863 576 1948 ipsa
600 1864 746 1929 doctrina
764 1864 850 1928 uitae
880 1862 1039 1929 rationem
1062 1866 1229 1932 coniunxit

214 1958 256 2037 et,
278 1956 316 2018 ut
340 1974 449 2018 omnes
472 1957 594 2018 rectam
617 1953 854 2037 salutaremque
882 1951 970 2018 uiam
993 1957 1146 2021 tenerent
1169 1959 1229 2038 aut,

174 2063 200 2106 ao
214 2041 270 2128 qui
293 2040 505 2127 diuerterant,
529 2041 564 2107 in
587 2063 658 2106 eam
680 2044 920 2128 reuocarentur,
949 2041 1056 2106 studio
1085 2044 1229 2127 consilio,

213 2129 347 2198 monitis
369 2129 561 2196 auctoritate
585 2129 759 2195 contendit.
805 2129 888 2194 nihil
911 2130 1048 2195 obscure
1077 2132 1166 2197 fama
1188 2133 1229 2197 lo

213 2221 324 2306 quitur
346 2223 379 2285 te
402 2218 468 2284 tuis
491 2218 680 2303 uirtutibus,
702 2218 785 2283 nihil
808 2217 847 2282 de
869 2223 902 2282 te
926 2223 982 2284 aut
1001 2219 1160 2307 exiguum
1178 2225 1230 2285 aut

213 2309 349 2375 dubium
363 2309 504 2373 affertur.
542 2311 658 2391 patent
676 2307 789 2372 multis
807 2329 844 2371 ac
860 2306 1048 2374 certissimis
1063 2331 1230 2395 argumen-

212 2397 256 2462 tis
280 2396 398 2462 eximia
421 2400 477 2460 tua
500 2395 535 2461 in
559 2394 681 2461 Christi
702 2395 881 2461 Ecclesiam
903 2396 1032 2481 merita3
1064 2398 1179 2464 colunt
1200 2403 1231 2462 te

173 2506 199 2548 aa
214 2506 325 2570 omnes
349 2483 392 2549 ob
416 2483 603 2567 doctrinam,
626 2483 796 2549 imitantur
813 2483 909 2550 multi
933 2485 975 2549 ob
999 2486 1230 2572 integritatem,

214 2576 324 2640 amant
349 2571 391 2635 ob
415 2571 651 2636 humanitatem
673 2573 876 2657 maximeque
895 2574 938 2638 ob
957 2579 1078 2639 rectam
1102 2597 1141 2640 ac
1161 2575 1229 2640 sim-

213 2661 332 2747 plicem
354 2662 503 2724 naturam
531 2658 572 2723 ab
602 2659 690 2726 omni
717 2661 791 2727 fuco
821 2660 973 2746 omnique
1002 2664 1089 2728 fastu
1112 2663 1231 2751 longis·

213 2749 293 2815 sime
311 2752 476 2814 remotam.
514 2769 706 2833 praeconem
724 2772 801 2814 uero
824 2753 953 2816 tuarum
976 2751 1109 2816 laudum
1133 2751 1231 2818 omni-

212 2839 275 2904 bus
293 2836 382 2904 horis
401 2836 548 2902 audimus
570 2859 658 2923 eum,
679 2838 735 2923 qui
761 2860 886 2904 summa
906 2840 977 2924 ipse
998 2840 1092 2904 laude
1114 2840 1229 2928 dignus

172 2949 199 2990 ao
214 2931 272 3012 est,
286 2925 475 2992 Federicum
488 2926 693 3012 Baduarium,
711 2932 876 2992 auctorem
895 2933 928 2993 et
947 2927 1147 2994 conditorem
1161 2929 1229 2995 Deo

213 3015 292 3078 duce
315 3012 506 3079 Academiae
528 3019 666 3081 nostrae.
712 3015 765 3081 cui
793 3016 923 3099 quidem
950 3017 1021 3083 uiro
1049 3022 1121 3082 tum
1145 3019 1231 3084 uitae

213 3101 375 3188 probitas,
403 3106 474 3169 tum
497 3125 536 3168 ex
565 3104 692 3170 assiduo
720 3104 828 3169 studio
857 3104 1003 3170 doctrina
1031 3111 1065 3171 et
1092 3128 1132 3170 ex
1166 3107 1230 3170 diu-

212 3197 308 3259 turno
332 3212 439 3256 rerum
466 3213 526 3257 usu
552 3191 725 3276 prudentia
751 3193 848 3259 fidem
880 3198 977 3278 atque
1005 3193 1230 3260 auctoritatem

212 3281 246 3347 in
279 3279 366 3346 omni
399 3301 544 3344 sermone
577 3281 734 3346 conciliat.
784 3281 859 3366 ipso
894 3283 996 3368 igitur
1029 3305 1096 3348 non
1134 3283 1228 3349 modo

173 3389 200 3432 as
215 3370 429 3457 approbante,
452 3390 565 3435 uerum
588 3369 686 3434 etiam
708 3371 859 3436 hortante
883 3371 1084 3455 praeclarum
1103 3371 1142 3437 de
1162 3372 1231 3438 Deo

302 3569 317 3618 3
338 3562 385 3617 ‘ab
405 3561 554 3620 excellenti
572 3562 646 3618 uiro'
667 3562 762 3617 Marco
782 3562 905 3618 Antonio
924 3561 1021 3621 Natta.
