2610 3890
181 178 245 242 142
491 174 613 231 LXVIII.
636 172 737 229 Ioanni
755 171 880 229 Oratoui.

615 405 758 471 LXVIII.

357 549 492 615 Ioanni
517 543 673 613 Oratoni
696 546 884 612 Viennam
907 556 969 628 (IX,
985 557 1023 624 5).

268 692 365 759 Nunc
387 691 517 756 demum
544 689 663 755 exoriri
690 689 771 753 mihi
799 689 911 754 uideor
938 693 972 754 et
1000 689 1093 774 quasi
1120 696 1198 775 post

180 783 317 848 multam
344 785 473 846 noctem
499 779 605 845 lucem
632 777 781 863 adipisci,
813 799 961 843 reuersus
991 783 1068 862 post
1096 801 1198 845 annos

153 872 290 937 adecem
311 870 348 935 in
374 873 432 954 pat
417 868 513 934 triam
541 868 582 932 ab
612 867 694 931 urbe
716 866 833 967 Roma,
860 867 944 931 unde
972 889 1023 931 me
1050 867 1199 933 laborem

179 960 307 1026 nullum
334 981 395 1043 pro
417 957 558 1060 ,publica
584 978 619 1020 re
648 954 875 1039 communique
905 956 1073 1021 commodo
1109 978 1199 1021 recu·

180 1053 253 1114 sant
254 1072 306 1113 em
333 1045 442 1148 grauis
464 1046 599 1111 morbus
626 1066 662 1108 ac
685 1044 755 1109 diut
743 1048 857 1108 turnus
885 1044 1031 1109 extrusit.
1084 1043 1199 1110 Gratu-

180 1137 250 1202 lant
236 1143 290 1202 tur
308 1135 412 1220 amici,
434 1135 669 1218 amplexantur,
691 1133 757 1197 laet
743 1132 851 1197 titiam
874 1133 985 1218 cordis,
1008 1133 1113 1218 uultu,
1137 1156 1199 1199 ser-

181 1247 276 1291 mone
303 1187 476 1287 declaiant.
520 1221 592 1285 Hoc
614 1220 695 1284 mihi
717 1186 1057 1286 iucundissimunit
1007 1226 1066 1308 cst,
1090 1223 1174 1288 sed
1165 1245 1200 1287 ιιι

142 1313 241 1378 rohao
273 1310 473 1376 iucunditate
505 1331 606 1396 angor
639 1331 735 1393 saepe
767 1309 891 1375 intimis
924 1311 1089 1395 sensibus,
1121 1311 1201 1376 dum

181 1400 345 1485 recordor,
372 1399 450 1485 quid
478 1397 630 1483 iacturae,
661 1399 815 1482 quamdiu
837 1398 960 1464 Romae
984 1399 1067 1484 uixi,
1091 1399 1199 1465 studia

181 1513 253 1557 mea
275 1488 420 1574 fecerint,
442 1490 481 1552 de
506 1487 633 1572 quibua,
656 1509 852 1571 quamquam
871 1488 1020 1574 intelligo
1039 1510 1107 1553 non
1126 1511 1201 1554 eum

182 1602 251 1646 esse
278 1602 344 1664 me,
377 1578 433 1662 qui
460 1598 578 1662 magna
610 1580 774 1659 praestare
806 1577 942 1662 possim,
974 1582 1202 1642 uerumtamen
1299 1573 1300 1624 l

181 1667 316 1734 minima
337 1667 475 1732 fortasse
497 1687 564 1730 non
582 1668 651 1729 erat
669 1665 861 1749 expectatio.
897 1665 957 1752 Ire,
979 1665 1117 1751 inquies,
1135 1688 1203 1731 non
1299 1709 1300 1716 ι

141 1775 169 1817 15
183 1755 338 1841 oportuit.
384 1754 492 1838 Certe,
516 1753 544 1818 si
567 1752 711 1818 diuinare
734 1753 887 1819 licuisset.
932 1755 1068 1840 Verum,
1097 1755 1126 1820 si
1149 1778 1202 1820 res
1299 1739 1300 1824 i

179 1846 286 1908 adhuc
309 1844 437 1929 integra
459 1846 610 1927 ponatur,
633 1842 730 1906 eundi
753 1842 924 1908 consilium
948 1843 1004 1928 qui
1027 1844 1203 1928 reprehen-
1299 1851 1300 1918 ᾗ

179 1933 247 2016 dat,
261 1933 398 1996 fortasse
412 1953 507 1996 nemo
522 1930 574 1995 sit
601 1931 807 1996 Laborabam
821 1932 1007 1998 domesticis
1025 1932 1203 1998 incommo-
1299 1983 1300 2002 ι

183 2021 232 2086 dis
259 2022 324 2085 frat
310 2024 397 2085 trum
423 2042 569 2085 meorum
597 2019 692 2104 culpa
714 2041 774 2084 nec
801 2043 876 2104 spes
907 2025 977 2086 erat
1004 2022 1203 2108 emergendi,
1299 2011 1300 2054 l

182 2109 246 2176 nisi
277 2131 363 2175 noua
392 2108 527 2174 consilia
562 2113 715 2192 caperent
716 2130 763 2173 ur.
807 2109 958 2174 Vocabar
990 2132 1009 2174 a
1040 2111 1203 2176 Pontifiee
1299 2179 1300 2200 ζ

143 2221 170 2261 ιο
182 2199 267 2265 Max.
261 2249 277 2284 .,
301 2221 364 2284 quo
383 2197 465 2263 nihil
484 2196 664 2262 uiderit
605 2219 649 2281 po
650 2201 735 2261 terat
756 2185 980 2263 honorificent
956 2203 1034 2264 t:1us
1057 2201 1204 2265 fructum
1299 2213 1300 2220 ’

183 2293 240 2352 aut
241 2310 292 2353 cm
312 2288 388 2389 quis
410 2309 477 2351 non
500 2290 615 2371 expect
601 2286 706 2350 ttare?
753 2285 1015 2353 dehortabantur
1042 2288 1206 2372 amplissi-
1299 2353 1300 2366 ,

183 2377 229 2441 mi
256 2376 334 2460 uiri,
359 2397 506 2527 quorumb
526 2397 603 2461 erga
631 2397 683 2438 me
712 2373 910 2460 singularem
938 2376 1148 2442 beneuolent
1123 2381 1206 2442 ιιιιιι
1299 2385 1300 2434 l

184 2463 278 2529 mult
254 2467 297 2530 trs
324 2464 422 2528 rebus
450 2466 506 2528 ant
508 2486 544 2527 ea
575 2485 812 2548 perspexeram.
858 2464 944 2530 laeta
972 2465 1126 2551 denique,
1156 2489 1208 2532 co-
1299 2537 1300 2556 ,

185 2551 287 2636 piosa,
310 2550 419 2635 ampla
441 2551 483 2615 ab
508 2551 660 2615 omnibus
683 2556 777 2616 antea
795 2557 917 2636 promit
893 2553 1080 2619 t.tebantur
1126 2553 1208 2640 quid
1299 2565 1300 2632 ᾖ

146 2659 172 2702 as
186 2642 337 2726 agerem?
383 2638 502 2703 credidi
539 2644 572 2703 et
609 2641 751 2727 speraui,
782 2645 820 2705 ut
846 2641 913 2706 fere
946 2664 1057 2708 sumus
1090 2666 1207 2708 omnes
1299 2645 1300 2700 l

185 2729 334 2796 homines
356 2727 454 2793 hoc
445 2727 590 2814 mgenio,
612 2732 651 2793 ut
679 2752 728 2815 ea,
759 2752 840 2815 quae
867 2731 1030 2816 cupimus,
1059 2731 1208 2798 libenter
1299 2783 1300 2788 1

187 2840 316 2903 quoque
339 2838 514 2902 speremus.
560 2839 755 2903 quamquam
777 2820 839 2884 hoc
860 2819 975 2905 leuius,
999 2820 1087 2905 quod
1111 2844 1211 2906 spem
1299 2819 1300 2890 ζ

185 2907 338 2972 fefellerit
361 2910 457 2971 cuent
458 2929 509 2991 us3
536 2911 693 2972 nontam
717 2907 803 2972 enim
826 2909 990 2974 abundare
1015 2932 1114 2994 quam
1138 2933 1211 2975 non
1299 2911 1300 2994 f

187 3017 281 3081 egere
305 2998 434 3081 gratum
458 2999 519 3060 ιιι.
543 2995 623 3059 illud
646 3018 803 3080 perquam
826 3019 939 3084 graue,
962 2999 1050 3082 quod
1073 2999 1211 3083 perpeti
1299 2997 1300 3084 Ῑ

148 3105 175 3146 ao
182 3105 285 3167 saepe
303 3083 406 3148 multa
425 3106 497 3148 sum
519 3088 657 3168 coactus,
680 3085 830 3150 indecora
848 3109 982 3170 prorsus
1005 3087 1211 3173 indignaque
1299 3145 1300 3152 ,

187 3172 303 3238 studiis
325 3172 454 3257 nostrisa,
477 3176 582 3236 aetate
599 3177 720 3257 nostra,
743 3172 982 3240 existimatione
1005 3181 1080 3240 ante
1101 3181 1212 3259 parta.
1299 3191 1300 3216 ι

185 3260 225 3326 In
253 3284 316 3345 quo
344 3265 454 3326 tamen
482 3261 621 3327 occurrit
649 3283 686 3326 ea
714 3262 907 3348 consolatio,
939 3264 1066 3348 quod
1057 3286 1092 3328 ιιι
1116 3265 1211 3330 uitae
1299 3323 1300 3328 ,

188 3349 359 3415 durissimo
391 3372 509 3436 genere
541 3350 644 3414 multa
610 3350 811 3436 taferendo,
841 3313 945 3416 multa
972 3352 1070 3417 simul
1098 3353 1211 3438 didici,

188 3459 269 3520 quae
297 3439 443 3521 profecto
478 3461 529 3502 me
561 3461 726 3523 nunquam
753 3461 857 3524 neque
889 3440 967 3505 libri
998 3463 1104 3525 neque
1140 3442 1211 3506 ulla

148 3543 175 3585 ιι
189 3525 334 3590 doctrina
355 3548 460 3610 neque
484 3526 551 3591 dies
574 3527 647 3611 ipsa
669 3526 782 3592 docere
805 3528 974 3612 potuisset.
1020 3527 1117 3594 Nunc
1143 3530 1212 3596 sin-
