2578 3896
372 187 497 246 XXXIV.
517 190 665 260 Stephano
679 189 782 246 Saulio.
1045 189 1087 254 73

81 353 115 416 in
144 356 175 417 te
207 372 272 417 uno
304 349 470 417 abundant
498 351 616 437 omnia3
648 351 828 440 ingenium,
861 373 939 417 usus
967 351 1088 418 diutur-

80 461 145 524 nus,
166 439 319 524 doctrina,
346 439 509 506 iudicium.
546 440 646 525 quid?
679 463 757 526 opes
785 444 818 505 et
845 441 976 507 fortuna
998 463 1089 506 num·

81 529 153 613 quid
181 528 245 594 huo
279 528 470 614 pertinent?
515 528 589 594 illae
628 551 705 596 uero
741 551 813 595 mea
845 529 1005 595 sententia
1036 530 1089 594 uel

80 617 217 682 maxime.
264 638 393 683 comum
416 617 502 682 enim
525 618 730 704 ingeniorum
752 618 904 703 retardat,
927 618 1013 683 uires
1036 618 1087 684 de-

83 705 182 771 bilitat
204 729 240 771 ao
264 706 386 793 frangit
409 705 528 790 inopia.
573 729 615 772 an
643 712 680 773 tu
703 711 800 792 putas
822 706 1032 772 Aristotelem
1056 712 1089 772 et
1118 730 1131 772 s

82 793 253 879 Platonem,
272 795 328 859 illa
343 794 494 860 Graeciae
512 795 644 881 lumina,
664 818 706 861 an
727 795 913 862 Ciceronem
935 798 1091 880 nostrum,

81 904 119 946 an
138 883 278 950 Plinium
300 889 368 949 tam
390 882 494 949 multa
516 884 662 969 potuisse
684 883 802 950 littoris
831 885 997 967 mandare,
1027 884 1092 950 nisi

79 991 232 1038 summum
244 972 310 1038 illis
321 972 424 1038 otium
436 993 544 1037 rerum
554 973 698 1039 omnium
707 973 874 1038 affluentia
888 972 1091 1058 peperisset?

82 1058 160 1124 domi
181 1061 314 1126 alebant
339 1081 450 1126 seruos
474 1061 632 1145 eruditos,
655 1061 902 1127 contubernales
925 1062 1092 1127 habebant

84 1148 198 1214 eximiis
221 1149 378 1235 praemiis
401 1150 572 1216 accersitos
594 1173 635 1215 ex
658 1151 782 1216 ultimis
805 1151 913 1237 terris,
936 1150 1091 1235 rhetores,
1106 1174 1132 1214 ιο

84 1235 252 1322 historicos,
278 1237 475 1323 praestantis
497 1239 621 1326 ingenii
640 1237 815 1328 singularis
838 1240 1003 1306 doctrinae
1021 1239 1093 1325 phi-

84 1323 236 1410 losophos.
284 1348 357 1392 cum
380 1326 432 1392 his
455 1348 489 1393 se
520 1327 665 1412 quotidie
693 1329 900 1414 exercebant,
934 1351 1092 1395 commen-

80 1414 237 1500 ·tabantur,
256 1415 482 1500 disputabant:
503 1416 621 1482 horum
640 1417 783 1482 omnium
802 1438 911 1501 opera,
934 1422 1093 1502 quatenus

83 1499 199 1589 liberet,
221 1505 408 1569 utebantur.
453 1508 487 1569 at
510 1526 571 1592 ego
595 1508 761 1589 sumptum
790 1505 886 1569 unius
915 1505 1009 1589 pueri
1036 1505 1093 1569 mi-

84 1590 162 1656 nima
182 1593 328 1658 mercede
352 1593 515 1678 conducti,
544 1615 608 1678 quo
632 1592 667 1658 in
689 1592 858 1658 scribendo
882 1596 974 1677 utor,
997 1613 1093 1678 aegre
1107 1615 1133 1656 rs

81 1679 223 1746 sustineo.
271 1681 315 1746 ut
339 1681 373 1746 in
395 1681 447 1746 his
470 1681 643 1768 angustiis,
669 1681 705 1747 in
727 1682 788 1746 hac
816 1702 888 1746 mea
910 1684 978 1746 tam
1001 1681 1091 1745 tenui

85 1767 277 1854 ualetudine,
305 1775 374 1835 tam
396 1771 531 1835 aduersa
553 1771 692 1856 fortuna,
719 1770 795 1854 quia
818 1770 913 1836 rudes
936 1769 1094 1854 homines,

85 1859 192 1924 ueteris
215 1858 418 1944 eloquentiae
446 1859 594 1945 cupidos,
621 1859 702 1925 meis
730 1858 859 1944 seriptis
884 1881 951 1924 non
983 1857 1093 1924 erudio

85 1947 189 2012 necin
210 1952 334 2013 rectam
363 1947 463 2013 latine
491 1947 652 2013 scribendi
676 1948 764 2013 uiam
786 1948 916 2035 induco,
947 1948 1094 2033 appellas

86 2053 137 2119 me,
151 2038 239 2120 quasi
253 2036 375 2101 malum
389 2036 577 2122 debitorem,
591 2041 690 2121 atque
709 2037 808 2102 etiam
826 2057 964 2122 accusas,
979 2037 1089 2102 uerbis
1103 2058 1133 2098 ao

85 2123 117 2184 tu
150 2124 280 2208 quidem
301 2123 542 2191 humanissimis
565 2129 598 2191 et
616 2125 730 2212 alieno,
752 2130 789 2192 ut
807 2125 936 2209 uideris,
957 2125 1096 2208 nomine,

87 2229 117 2273 re
135 2206 241 2279 lamen
264 2213 337 2297 ipsa
360 2214 503 2300 gramter
526 2219 569 2299 et,
591 2218 628 2279 ut
651 2237 713 2302 ego
738 2213 946 2297 interpretor,
969 2217 1026 2277 tuo
1050 2213 1097 2275 iu-

84 2295 171 2384 dicio,
202 2302 291 2388 quod
323 2323 437 2368 uereor
462 2303 497 2368 in
525 2303 639 2387 primis
666 2303 828 2385 facioque,
859 2300 955 2365 sicuti
984 2300 1096 2385 deboc,

89 2385 216 2467 plurimi.
263 2395 486 2456 uerumtamen
515 2392 624 2457 uidere
653 2397 687 2456 te
715 2395 810 2476 puto,
838 2411 937 2474 quam
964 2387 1097 2454 faculta-

89 2477 147 2540 tem
167 2501 216 2544 res
238 2478 407 2544 desideret.
445 2479 522 2564 quid
545 2484 654 2545 autem
683 2478 840 2564 praestari
864 2500 883 2543 a
905 2500 956 2544 me
980 2478 1094 2563 possit,
1110 2499 1136 2540 as

89 2582 172 2631 nemo
194 2568 352 2652 omnium,
384 2567 440 2652 qui
463 2569 593 2654 uiuunt,
621 2591 672 2634 me
696 2569 769 2653 ipso
792 2567 908 2633 melius
931 2567 1095 2655 intelligit.

90 2671 178 2734 quare
198 2657 268 2722 noli
287 2656 368 2722 mihi
386 2657 576 2744 languorem
594 2663 652 2723 aut
669 2657 825 2723 desidiam
844 2657 993 2742 obiicere,
1014 2678 1096 2741 quae

89 2738 191 2844 obmse
215 2745 368 2830 procula
391 2768 452 2832 me,
477 2746 533 2830 qui
556 2751 721 2812 anteactae
745 2767 834 2810 meae
857 2745 944 2810 uitae
968 2766 1097 2845 cursum

91 2838 375 3006 tttfftdttt
395 2835 749 3008 ttttttdtt
763 2835 1099 3007 secubitu
1113 2943 1140 2983 t

92 3001 211 3092 ingenio
242 3016 402 3096 praestes,
436 3016 576 3076 aetatem
612 3034 740 3077 omnem
776 3011 812 3076 in
839 3009 956 3076 Latina
986 3009 1100 3097 lingua

92 3098 283 3164 contriueris.
330 3122 370 3165 ex
394 3121 459 3184 quo
482 3101 604 3166 factum
628 3105 689 3186 est,
717 3105 755 3165 ut
779 3121 850 3165 eam
873 3100 1016 3184 perfecte
1039 3098 1101 3164 cal·

94 3177 161 3268 leas,
183 3186 216 3250 id
234 3187 321 3273 quod
338 3192 470 3254 tuorum
488 3189 683 3273 scriptorum
702 3188 868 3254 subtilitas
887 3193 920 3253 et
939 3187 1100 3273 elegantia

93 3266 235 3360 declarat,
263 3299 337 3342 cum
365 3277 584 3344 ualetudinem
605 3300 673 3343 non
701 3277 874 3360 desideres,
902 3276 969 3341 otio
998 3295 1101 3359 paene

93 3354 220 3429 diffluas.
265 3364 347 3431 addo
371 3366 469 3431 etiam
493 3365 589 3450 illud,
612 3388 686 3432 cum
709 3366 833 3451 optime
855 3364 918 3428 tibi
941 3383 1016 3426 cum
1038 3362 1102 3426 for·
1114 3383 1141 3424 aa

95 3446 166 3514 tuna
188 3454 365 3521 conueniat.
412 3475 493 3540 quae
518 3454 581 3519 tibi
605 3454 644 3518 de
659 3455 726 3520 suis
750 3453 847 3519 bonis
872 3455 1000 3516 tantum
1024 3450 1102 3515 elar-

95 3538 158 3616 glta
179 3546 235 3626 est,
258 3548 294 3608 ut
318 3565 450 3630 erogare
475 3543 680 3628 quantamuis
704 3542 875 3627 pecuniam
898 3540 932 3604 in
953 3540 1102 3605 homines
