2578 3896
360 141 408 200 IV.
434 140 604 209 Hieronymo
623 141 785 212 Seripando.
1061 142 1079 205 7

50 328 78 369 a
104 309 140 369 te
165 308 283 388 petam,
305 325 346 367 ne
369 325 420 367 me
442 306 537 387 putes
559 302 593 366 id
615 305 720 368 facere
738 304 920 369 temeritate
944 304 1081 389 quadam

58 415 151 477 mea,
185 415 280 478 quam
313 391 504 456 breuissime
537 397 682 476 potero,·
699 414 856 457 summam
886 393 948 458 tibi
979 393 1080 458 totius

59 503 157 545 meae
189 479 430 545 deliberationis
463 501 630 564 exponam.
676 479 761 545 Aldo
794 487 887 565 patre
919 482 1080 567 defuncto,

59 592 139 634 cum
163 592 222 655 ego
247 569 303 633 uix
326 569 465 652 primam
492 569 574 633 lucis
602 591 732 634 usuram
756 569 947 655 hausissem,
975 571 1080 636 omnis

60 659 110 722 rei
136 657 392 743 typographicae
416 679 492 721 cura
515 657 555 720 ad
578 679 632 721 eos
656 658 747 742 quasi
766 681 825 742 per
843 680 957 724 manus
981 661 1122 744 uenite

61 746 122 830 qui
161 746 316 832 sanguine
354 745 529 830 coniuncti,
571 747 739 811 uoluntate
781 747 966 832 dissimiles,
1007 769 1082 812 cum

60 857 184 920 augere
212 833 347 899 domest'
323 839 420 898 ticam
448 796 531 899 hand
558 834 746 900 laudemt
714 839 746 900 et
774 836 985 900 deberentet
953 839 1081 919 etp-os

61 928 151 1006 sent,
173 923 208 986 in
231 922 351 1006 medio,
375 923 462 1007 quod
484 911 588 1008 aiunt,
610 928 740 988 nostrae
764 924 886 1009 gloriae
910 926 1079 1008 famaeque

60 1034 162 1076 cursu
189 1011 381 1076 defecenmt.
428 1034 467 1075 ex
495 1011 552 1075 illo
578 975 728 1095 tempore
758 1013 878 1098 omnia,
906 1017 943 1077 ut
970 1013 1080 1097 inquit

61 1101 135 1184 ille,
166 1098 211 1162 ‘in
237 1099 330 1183 peius
353 1121 445 1164 ruere
473 1121 510 1164 ac
537 1104 623 1164 retro
652 1099 807 1184 sublapsa
834 1101 967 1166 referri'.
1013 1124 1079 1167 non
1094 1129 1122 1169 ro

61 1189 153 1252 enim
176 1186 306 1272 quidem
329 1187 486 1272 (licet)
478 1210 513 1251 m
535 1188 596 1253 hac
618 1193 712 1273 parte
734 1189 836 1254 libere
864 1190 968 1275 loqui,
997 1213 1079 1274 quae

60 1277 105 1340 ad
127 1276 287 1342 aliostt
237 1281 306 1343 tota
334 1281 408 1360 pert
409 1276 489 1359 inet,
520 1281 688 1341 ettamen
715 1279 793 1343 haec
821 1278 893 1362 ipsa
921 1279 1080 1365 cogitanti

61 1365 196 1430 mihit
169 1370 196 1429 1
198 1387 216 1429 a
235 1365 446 1430 stomachus
436 1370 486 1428 1nt
472 1299 600 1430 teritum
618 1370 777 1450 mouetur,
800 1372 837 1431 ut
856 1390 958 1452 paene
978 1369 1080 1433 fronti

6 1469 7 1472 ’
61 1454 260 1518 feriamt
233 1453 343 1538 itaque
371 1453 432 1517 feci
460 1453 569 1518 dolore
597 1454 828 1537 inflammatus,
858 1457 944 1540 quod
971 1456 1080 1521 nullae

62 1542 209 1607 rationes
241 1541 311 1607 aliis
342 1543 533 1625 persuadere
564 1542 643 1606 satis
673 1543 869 1626 potuissent,
900 1566 1015 1627 meque
1045 1545 1080 1608 in
1094 1569 1122 1610 ιι

62 1632 124 1695 has
149 1630 388 1715 occupationes,
411 1630 446 1694 in
469 1629 588 1714 quibus
607 1630 711 1694 adhuc
733 1652 857 1715 uersor,
880 1631 1011 1714 penitus
1034 1654 1081 1696 re·

62 1723 232 1806 pugnante
250 1723 366 1783 natura
385 1719 514 1783 conieci.
542 1740 628 1782 nunc
647 1718 681 1782 in
700 1741 771 1784 eam
789 1741 899 1784 curam
917 1719 1080 1805 incumbo,

64 1813 116 1892 ut,
145 1829 220 1871 cum
247 1808 288 1872 ab
312 1807 374 1871 hoc
397 1807 548 1872 instituto
573 1807 666 1871 breui
694 1807 855 1873 discedere
880 1814 1004 1874 certum
1027 1809 1080 1894 sit,

64 1897 158 1980 prius
185 1895 345 1980 aliquid
336 1918 370 1959 m
401 1899 550 1979 apertum
577 1895 727 1980 referam,
761 1897 847 1981 quod
875 1899 1080 2051 superiorum

64 1989 251 2068 temporum
274 1984 429 2049 offensam
453 1983 620 2048 emendare
649 1986 814 2050 commode
838 1987 950 2070 possit
997 2009 1079 2072 quae
1094 2013 1122 2054 so

64 2094 177 2137 caussa
200 2073 315 2156 fuit,u
294 2072 384 2136 utin
403 2071 667 2138 Ciceronemet'
625 2077 692 2137 tm
710 2074 890 2159 reliquosa
908 2080 1080 2160 tapetam,

65 2183 169 2245 eoque
191 2161 226 2224 id
247 2159 398 2225 audacius
422 2161 488 2247 egi,
513 2160 631 2245 quod
622 2184 656 2225 m
678 2162 740 2226 hoc
763 2163 872 2248 agitur
895 2185 961 2227 non
984 2165 1080 2227 modo

65 2250 129 2314 mei
154 2250 249 2314 unius
275 2250 380 2313 honor
407 2253 439 2313 et
467 2250 664 2314 emolument
650 2255 733 2333 tum,
762 2251 818 2314 sed
846 2250 997 2314 etiamt
967 2249 1080 2314 Italiae

65 2343 195 2402 nostrae
217 2338 344 2402 laustet
367 2336 485 2423 gloria,
513 2360 594 2421 quae
623 2338 650 2402 si
679 2360 697 2400 a
721 2337 869 2402 barbaris
892 2338 1081 2403 hominibus

66 2427 100 2491 in
122 2428 185 2491 hoo
208 2447 325 2512 genere
349 2429 527 2510 superatur,
550 2425 628 2509 quid
646 2430 755 2509 potest
779 2448 848 2491 esse
872 2427 1001 2511 turpius
1024 2432 1081 2494 aut
1095 2452 1121 2494 ιι

66 2515 170 2579 ueteri
192 2519 304 2580 nostra
331 2514 569 2578 existimatione
597 2514 783 2601 indignius?
824 2538 883 2603 ego
911 2539 989 2581 uero
1017 2517 1081 2582 huc

67 2625 178 2668 omnes
200 2625 318 2668 neruos
341 2603 472 2668 intendo
501 2603 652 2687 omnique
680 2626 745 2669 non
769 2605 874 2669 solum
897 2605 1005 2670 studio
1028 2628 1081 2670 ue·

66 2715 139 2757 rum
170 2691 267 2756 etiam
295 2691 500 2756 contentione
529 2691 647 2776 enitor,
676 2697 727 2776 ut,
758 2693 915 2777 quidquid
944 2694 985 2758 ab
1015 2694 1082 2759 illis

65 2785 216 2864 ereptum
237 2780 380 2864 uidetur,
408 2779 532 2864 patriae
555 2783 698 2864 nostrae,
727 2802 809 2865 quae
837 2803 965 2866 semper
989 2783 1081 2866 quasi

66 2874 228 2934 mercatus
257 2868 388 2952 quidam
417 2869 576 2933 bonarum
604 2869 722 2933 artium
751 2874 800 2934 est
829 2870 957 2954 habita,
990 2871 1080 2935 resti·
1096 2900 1124 2940 ao

65 2963 199 3022 tuorem.
247 2956 386 3040 quod'
360 2980 402 3040 s1,
435 2961 471 3021 ut
499 2979 608 3042 spero,
640 2980 805 3042 assequar,
837 2963 908 3023 tum
937 2980 1013 3024 uero
1045 2959 1081 3023 li-

66 3047 145 3111 bent
131 3051 182 3110 ter
218 3045 260 3109 ist
262 3068 314 3109 am
351 3049 453 3109 artem
486 3045 629 3110 desinam
661 3045 726 3110 dict
713 3049 810 3130 taque
842 3048 1082 3135 typographico

66 3134 192 3199 muneri
216 3133 319 3198 salute
348 3133 450 3198 multa
416 3134 555 3218 ta<in>
585 3134 688 3199 otium
717 3158 832 3219 me,u
812 3139 847 3199 ut
875 3137 999 3237 possim
1027 3138 1083 3201 ali-

63 3223 194 3307 quando
227 3222 365 3287 arbitt
300 3226 387 3286 ttrau
420 3243 505 3307 meo,
541 3222 576 3285 id
607 3227 656 3287 est
689 3228 762 3290 cum
793 3224 929 3309 uirtute,
962 3225 1083 3307 uiuere,

159 3439 192 3488 10
209 3431 240 3486 in
257 3430 338 3502 peius
356 3433 508 3487 ruereeto.
528 3431 611 3502 Verg
632 3431 732 3502 Georg.
752 3433 903 3501 1‚aco.-
926 3438 956 3486 11
974 3430 1085 3506 (licet)

63 3503 247 3560 inserendum
271 3507 395 3558 erat-
419 3507 452 3556 33
476 3474 547 3575 (in)
571 3503 733 3558 addendum
758 3475 827 3560 irat.
