2610 3890
389 198 485 284 XLIII.
514 200 670 259 Octauiano
689 203 825 261 Ferrario.
1069 211 1110 275 91

98 355 217 430 simum
249 362 345 448 plane
378 362 458 428 milri
490 365 676 448 persuadeo.
722 370 754 431 ta
788 367 916 451 quidem
949 391 967 433 a
995 372 1111 437 morbo

98 453 325 518 confirmatum
269 452 389 518 umsi
424 452 569 538 audiero,
604 453 755 539 aequiore
791 456 898 521 animo
936 457 1070 558 domest'
1046 464 1111 526 tica

97 541 207 626 patiar
243 540 418 606 commoda.
477 502 587 642 itaqiie
625 541 717 607 dabis
753 542 815 608 hoc
851 545 953 610 amori
988 553 1110 632 nostro,

97 651 196 714 quem
218 633 275 694 tua
298 629 403 695 uirtus
425 630 568 714 peperit,
596 630 654 695 alit
676 631 917 698 humanitast
883 637 980 718 atque
1004 641 1110 720 auget,

96 724 133 785 ut
155 722 269 784 nostra
288 718 385 784 etiam
404 738 515 783 caussa
533 721 623 784 tuam
641 719 728 785 ualet
730 721 907 786 udinemst
893 722 1110 789 tudiosissime
1135 743 1149 785 a

96 829 197 874 cures.
242 806 333 872 Vale
377 806 505 872 1711111Ι
469 811 524 872 tus
548 807 707 892 [MDLX].

549 1213 660 1278 XLIII.

182 1353 394 1420 Octauiano
422 1354 600 1420 Ferrario
628 1355 887 1422 Mediolanum
913 1365 957 1439 (V,
969 1362 1024 1439 11).

185 1495 264 1561 Noli
296 1499 410 1580 putare
443 1518 494 1560 me
531 1500 659 1560 tantum
691 1496 784 1560 amici
817 1497 866 1560 tui
897 1501 1107 1582 προβλήμασι

97 1584 261 1670 tribuisse,
284 1588 321 1649 ut
340 1584 443 1648 adhuc
465 1607 533 1650 rem
553 1583 749 1649 deducerem.
785 1606 860 1648 nam
879 1585 939 1648 etsi
963 1584 1001 1648 de
1020 1585 1108 1651 illius
1122 1606 1149 1646 10

97 1672 230 1759 ingenio
257 1671 464 1756 doctrinaque
494 1695 622 1757 semper
651 1673 774 1757 optime
804 1673 889 1737 sensi
918 1672 1014 1757 idque
1044 1674 1109 1757 pri·

97 1783 187 1826 mum
209 1761 391 1825 litterarum
409 1766 538 1826 tuarum
556 1761 752 1844 testimonie,
775 1765 850 1845 post
873 1761 971 1825 etiam
989 1760 1107 1827 iudicio

97 1873 170 1915 meo
193 1853 386 1933 commotus,
414 1853 523 1915 tamen
550 1849 589 1914 de
616 1855 674 1915 tuo
701 1850 787 1914 libro
810 1850 857 1914 ita
879 1850 998 1934 iudico,
1024 1850 1108 1915 nihil

95 1939 166 2003 fieri
191 1960 287 2038 posse
308 1960 375 2002 non
397 1939 492 2003 modo
516 1938 685 2040 eruditius,
708 1939 742 2002 in
766 1959 829 2022 quo
853 1961 957 2003 meam
980 1938 1095 2004 des
1096 1979 1106 1987 ·

98 2027 159 2092 diis
190 2026 257 2091 tuis
289 2025 476 2110 opinionem
512 2027 663 2112 aequauit
700 2026 835 2092 indust
794 2031 857 2092 trra
888 2032 958 2128 tua,
994 2047 1149 2093 uerum1⁵

97 2116 195 2180 etiam
225 2114 412 2216 elegantius
458 2117 544 2200 quod
573 2117 615 2180 ab
645 2114 915 2180 excellentibus
905 2137 940 2178 m
966 2115 1106 2198 philoso-

95 2204 174 2288 phia
205 2202 297 2288 uiris,
330 2203 500 2287 qualemt
502 2227 519 2268 e
549 2205 614 2269 iam
641 2226 752 2269 omnes
779 2203 978 2304 praedicant,
1010 2203 1106 2267 hodie

94 2314 161 2356 non
187 2291 359 2357 admodum
386 2297 537 2377 exspecta
538 2297 600 2358 t.ur
646 2291 764 2371 Quid
755 2291 817 2392 igit
818 2313 856 2355 ur
802 2291 981 2356 ttobsit
940 2289 1022 2374 ttit,
1050 2312 1106 2355 cur

95 2403 161 2446 non
189 2381 403 2466 aggrederer?
444 2402 589 2446 caussam
618 2381 646 2445 si
675 2379 814 2464 quaeriS,
844 2378 882 2444 de
911 2402 973 2464 qua
1000 2383 1047 2464 te,
1077 2380 1104 2445 si

95 2491 146 2534 res
171 2472 351 2554 pateretur,
384 2469 523 2534 celatum
550 2468 680 2534 uellem:
713 2467 833 2553 pituita
860 2472 994 2553 repente
1022 2491 1104 2533 com·
1119 2487 1146 2534 1ο

94 2562 195 2642 mota,
226 2557 306 2622 satis
334 2580 394 2641 per
423 2581 457 2623 se
484 2559 633 2642 molesta,
663 2580 739 2623 mox
766 2557 877 2643 etiam,
907 2579 980 2624 cum
1007 2558 1105 2622 tussis

95 2645 295 2732 accessisset,
323 2645 516 2731 periculosa,
543 2669 667 2713 moram
689 2646 808 2712 iniecit.
854 2646 990 2711 biduum
1013 2646 1105 2732 iacui,

94 2734 219 2799 medico
242 2757 309 2800 non
331 2735 469 2800 admisso
492 2740 619 2801 accurat
621 2759 640 2800 a
658 2736 764 2800 uictus
782 2735 907 2800 ratione
925 2738 1105 2818 contentus,

94 2822 127 2886 in
158 2845 222 2907 qua
251 2827 288 2888 tu
318 2828 475 2907 quantum
506 2846 617 2908 ponas,
647 2824 774 2910 ignoro,
808 2843 869 2908 ego
899 2826 935 2886 111
922 2821 1104 2886 tilissimam

94 2911 252 2995 experior.
297 2934 396 2996 nuno,
426 2934 507 2996 quae
535 2917 708 2996 supersunt
734 2911 840 2976 morbi
868 2909 1035 2993 reliquiae,
1063 2909 1104 2972 do
1118 2925 1144 2968 as

95 3021 297 3083 operam,
298 3004 398 3066 teas
431 3000 598 3085 depellam.
644 3001 730 3101 quod
768 3000 890 3083 eadem,
927 3003 964 3061 111
1000 3019 1105 3099 spero,

93 3088 291 3153 abstinentia
315 3109 499 3172 consequar.
540 3089 657 3154 Filio
649 3110 758 3152 rame
741 3086 981 3152 etdomesticis
1005 3087 1104 3151 omni·

93 3174 154 3240 bus
183 3181 270 3241 recte
298 3181 356 3241 est.
401 3177 541 3243 Libert
526 3182 616 3262 tuus,
648 3092 916 3262 quemadmodum
948 3197 988 3239 ex
1015 3174 1104 3258 pagi·

181 3355 215 3405 28
233 3353 300 3420 post
320 3351 407 3408 ‘recte
426 3352 480 3406 est’
498 3351 694 3407 etiamtum'm
711 3349 838 3405 editione
857 3347 1007 3402 1111111171
1026 3345 1102 3415 lege-

91 3419 187 3474 batur·
206 3419 248 3475 De
263 3422 369 3490 gaudio
379 3421 521 3477 Ciceronis
536 3421 657 3476 exHirri
669 3439 700 3476 re
720 3420 784 3475 ulsa
798 3416 937 3499 scripsisti
951 3416 1103 3486 diligenter

92 3492 121 3544 et
138 3491 296 3560 praeclare.
319 3493 369 3548 sed
386 3509 432 3548 me
451 3491 570 3548 oratio
561 3509 624 3562 ipsa
643 3493 680 3546 ad
697 3439 781 3545 11111111
800 3487 936 3544 sermonis
955 3490 1102 3542 consuetu·

92 3559 186 3616 dinem
204 3565 338 3620 reuocata
350 3581 408 3620 non
421 3563 542 3622 libenter
560 3564 620 3618 ate
635 3558 869 3618 111111111111111111Ι
861 3575 891 3614 m
905 3557 992 3614 aliam
1006 3561 1102 3614 tamen
