2578 3896
136 131 179 197 10
456 129 501 185 VI.
521 129 675 184 Benedicto
693 129 818 184 Accolto.

133 291 353 376 sannazarius,
373 313 446 356 cum
463 291 599 375 uiueret,
622 313 699 356 usus
719 295 778 375 est,
797 296 886 356 extet
906 290 1009 356 Gratii
1027 293 1154 356 Poema

135 379 296 464 quoddam
314 403 410 445 manu
430 381 588 465 scriptum
606 379 684 444 satis
704 380 811 463 breue,
834 381 977 445 numeris
1000 380 1152 464 heroicis,

135 468 173 532 de
203 468 349 533 Venandi
381 469 521 553 ratione,
554 469 592 532 de
626 489 688 552 qua
717 490 751 532 re
784 469 850 534 tuis
882 472 996 553 postea
1027 469 1153 534 litteris

135 557 303 621 certiorem
331 580 382 622 me
409 557 515 623 facies.
561 555 656 640 Vale,
683 555 843 642 Venetiis,
870 556 924 622 VI.
953 558 1025 622 idus
1052 558 1149 622 Mart.

106 667 121 708 a
134 644 330 715 MDXXXV.

535 779 748 788 —-—--—

613 963 667 1028 Vl.

210 1106 245 1170 P.
269 1103 466 1169 Manutius
494 1103 529 1167 B.
550 1102 730 1189 'Accolto,
758 1103 956 1169 Cardinali
984 1105 1073 1168 Rau

427 1208 739 1274 Honoratissimo
768 1208 799 1276 S.
817 1211 858 1276 D.

224 1349 286 1415 Vel
309 1349 343 1415 in
366 1349 501 1414 summis
525 1350 793 1434 occupationibus
820 1351 962 1416 libenter
984 1350 1083 1436 facio,
1111 1357 1150 1417 ut

95 1467 122 1506 ro
136 1439 176 1504 ad
206 1443 238 1504 te
267 1438 418 1524 scribam;
448 1461 534 1504 nune
562 1461 599 1504 ec
629 1439 800 1523 libentius,
830 1441 916 1524 quod
944 1444 976 1504 et
1004 1462 1150 1505 mearum

135 1529 319 1593 litterarum
341 1528 419 1592 satis
442 1528 576 1614 longum
603 1527 666 1592 fuit
689 1528 897 1593 interuallum
925 1532 957 1592 et
981 1528 1040 1593 otii
1063 1551 1150 1594 nunc

136 1622 263 1682 tantum
290 1621 353 1700 est,
383 1621 540 1702 quantum
567 1622 680 1700 optare
707 1638 884 1700 numquam
911 1639 1009 1682 ausus
1036 1639 1150 1683 essem.

135 1707 244 1790 itaque
277 1706 351 1788 etsi,
389 1705 476 1788 quod
512 1705 698 1788 scriberem,
734 1727 932 1791 magnopere
968 1727 1035 1770 non
1071 1711 1150 1791 erat,

135 1800 246 1859 tamen
274 1794 308 1856 in
335 1797 426 1857 tanta
453 1792 546 1856 uacui
573 1793 731 1877 temporis
758 1794 911 1858 facultate
939 1815 1005 1858 non
1032 1795 1151 1877 putaui

95 1908 121 1948 15
136 1881 216 1946 mihi
240 1903 309 1945 esse
327 1880 603 1964 committendum,
626 1886 663 1945 ut
686 1886 723 1946 tu
742 1904 792 1947 me
817 1882 908 1966 quasi
926 1882 1150 1967 negligentem

135 1976 205 2055 aut,
233 1969 320 2054 quod
347 1969 479 2055 grauius
507 1973 603 2054 esset,
630 1975 762 2035 tuorum
791 1992 867 2056 erga
895 1992 946 2034 me
970 1970 1152 2036 oblitorum

135 2060 356 2123 immemorem
375 2079 522 2123 accusare
545 2079 665 2140 posses.
707 2058 816 2142 accipe
839 2059 941 2145 igitur
964 2059 1087 2143 aliquid
1110 2059 1150 2124 de

137 2147 252 2212 studiis
274 2146 408 2230 nostris,
432 2145 596 2230 quoniam,
620 2146 697 2231 quid
720 2147 782 2212 tibi
806 2147 886 2212 meis
908 2147 1027 2212 litteris
1050 2147 1152 2234 signi-

135 2238 237 2320 ficem,
260 2235 348 2300 aliud
370 2233 437 2300 fere
459 2258 526 2300 non
548 2235 663 2301 habeo.
705 2235 881 2301 matutinas
904 2236 1000 2300 horas
1023 2236 1059 2299 in
1077 2235 1151 2301 Ari-

94 2350 122 2390 ao
136 2325 286 2390 stotelem
318 2324 482 2408 ponimus:
515 2324 611 2389 unius
642 2326 682 2390 ad
710 2323 831 2391 Ἠθικοὶ
864 2346 974 2390 sumus
1003 2325 1149 2410 aggressi

136 2413 304 2478 admonitu
327 2417 424 2497 atque
447 2414 581 2478 hortatu
604 2411 731 2478 Octauii
755 2412 925 2500 (Ferrarii)
947 2413 1064 2496 nostri,
1093 2413 1150 2497 qui

136 2522 187 2565 me
223 2499 342 2563 litteris
382 2500 631 2582 prudentissime
673 2506 705 2564 et
743 2501 976 2567 officiosissime
1017 2501 1150 2585 scriptis

137 2587 229 2673 quasi
253 2587 465 2652 dormientem
489 2587 651 2652 excitauit.
698 2589 785 2671 quod
811 2590 964 2672 quoniam
991 2589 1046 2654 ille
1075 2612 1149 2654 cum

136 2699 194 2740 sua
223 2678 341 2760 sponte
371 2680 454 2759 tum,
487 2680 524 2740 ut
553 2675 689 2760 conioi0,
721 2677 760 2740 de
788 2680 845 2742 tua
875 2678 1035 2743 sententia
1062 2679 1150 2761 fecit,

95 2789 123 2830 aa
137 2764 302 2851 uigilando
326 2785 458 2848 operam
481 2762 578 2848 debe,
606 2768 643 2829 ut
670 2765 800 2849 utrique
823 2770 982 2851 uestrum,
1011 2787 1150 2850 quorum

136 2853 254 2918 iudicia
277 2852 410 2937 plurimi
433 2852 578 2938 aestimo,
601 2853 803 2918 satisfaciam.
850 2855 968 2940 pransi,
996 2877 1070 2919 cum
1093 2854 1149 2919 ali-

138 2942 215 3026 quid
252 2942 290 3005 de
326 2940 461 3005 historia
498 2941 636 3006 strictim
668 2942 850 3029 attigimus,
887 2943 1012 3007 eximus
1049 2942 1150 3007 animi

136 3050 249 3094 caussa
272 3034 313 3113 et,
337 3029 423 3112 quod
446 3028 486 3092 ad
504 3051 673 3113 uesperam
691 3031 848 3114 temporis
867 3054 965 3115 super
984 3035 1042 3114 est,
1064 3030 1170 3095 uale-·

136 3145 350 3156 u---———-—-

228 3209 243 3258 ‘1
263 3203 305 3258 Ex
323 3203 452 3274 epistulis
471 3203 644 3258 Manutianis
668 3204 851 3259 aRenuardo
876 3221 949 3259 anno
970 3210 1039 3261 1834
1062 3205 1149 3260 editis

136 3293 201 3344 pag.
217 3281 268 3331 330
288 3277 317 3329 et
336 3291 412 3343 sequ.
433 3307 465 3316 -
484 3281 517 3329 21
538 3273 706 3344 (‘Ferrarii’)
729 3274 873 3329 Renuardi
895 3291 988 3330 errore
1011 3275 1151 3331 insertum

136 3346 208 3401 mihi
217 3346 338 3400 uidetur.
358 3345 386 3399 ei
399 3344 474 3399 enim
488 3347 552 3400 erat
561 3361 733 3414 praenomen
747 3344 920 3402 Octauianus
934 3345 1002 3416 (uid.
1016 3363 1082 3416 pag.
1094 3350 1149 3416 11).

138 3415 364 3485 intellegendum
379 3431 439 3470 esse
454 3418 522 3486 puto
538 3415 687 3472 Octauium
702 3416 913 3486 Pantagattnm,
933 3417 1012 3472 cuius
1027 3416 1151 3472 familia-

137 3487 223 3540 ritate
242 3487 271 3540 et
290 3485 422 3542 Accoltus
442 3493 471 3544 et
489 3486 632 3543 Manutius
651 3487 813 3545 utebantur.
