2610 3890
175 202 239 267 138
505 201 586 258 XLV.
610 198 711 256 Ioanni
728 200 852 255 Morono.

173 363 443 449 quemadmodum
466 368 581 429 natura
604 385 675 427 mea
698 362 762 426 fert
784 384 843 427 nec
867 362 997 427 bonitas
1020 365 1078 428 tua
1100 385 1197 430 recu·

172 456 232 537 sat,
255 474 295 517 ex
318 452 385 516 alta
408 453 546 537 quadam
569 474 626 536 spe
649 451 801 516 turbatus
819 450 960 516 concidit
982 451 1193 537 afflictusque

171 543 255 607 iacet
273 541 399 606 animus
422 563 520 606 meus.
567 539 716 624 equidem
742 538 783 603 iis
807 538 1031 606 Cardinalibus
1058 544 1193 608 tantum

170 631 290 716 tribuo,
304 634 462 715 quantum
475 651 587 694 eorum
600 651 725 693 summa
738 628 843 693 uirtus
861 651 897 694 ao
917 629 1058 715 dignitas
1077 635 1193 713 postu-

145 720 232 784 slat:
255 741 356 805 aeque
381 741 491 784 omnes
514 717 625 805 diligo,
648 738 748 803 aeque
768 717 847 782 cole.
893 717 950 782 sed
967 718 1009 781 ad
1026 740 1082 783 eos
1101 723 1190 783 certe

170 809 295 873 nullam
317 808 458 873 arbitror
480 806 605 893 negotii
628 806 692 870 mei
714 810 842 890 partem
864 806 1010 871 attinere.
1055 806 1087 871 A
1105 806 1192 871 Pon-

171 897 258 962 tifice
287 918 358 961 sum
385 897 523 961 Romam
551 895 735 980 arcessitus,
767 918 786 959 a
812 894 970 960 Pontifice
1004 895 1191 962 discedendi

171 987 359 1051 facultatem
381 991 467 1070 peto.
505 985 532 1049 si
551 988 697 1069 potestas
720 983 898 1068 quaeritur:
920 983 1016 1048 unius
1035 988 1086 1048 est
1105 1006 1194 1048 sum·

171 1097 237 1160 ma;
260 1075 288 1140 si
306 1074 501 1139 liberalitas:
519 1096 602 1138 unus
620 1073 715 1138 unico
734 1073 835 1138 uerbo
853 1073 1027 1157 pollicetur
1046 1077 1079 1136 et
1098 1095 1191 1156 prae-

131 1187 157 1227 10
172 1168 250 1247 stat3
277 1162 305 1227 si
333 1163 488 1249 dignitas:
521 1184 603 1246 quae
629 1161 733 1226 maior
763 1166 825 1246 est,
859 1182 956 1246 quam
982 1183 1002 1226 a
1028 1160 1189 1226 Pontifice

171 1255 323 1316 uocatum
347 1272 425 1336 esse,
448 1250 642 1314 aPontifice
661 1271 734 1313 oum
752 1249 911 1335 dignitate
930 1249 1074 1315 dimitti?
1096 1249 1189 1314 Haec

171 1361 243 1403 mea
261 1338 395 1402 consilia
414 1341 498 1403 sunt.
536 1338 655 1422 quibus
673 1342 791 1422 tamen,
809 1344 846 1404 ut
861 1339 972 1425 debeo,
990 1343 1191 1422 anteponam

171 1433 235 1492 tua.
282 1427 361 1492 satis
385 1427 471 1492 enim
494 1427 698 1511 exploratum
720 1428 825 1492 habeo
855 1427 939 1491 nihil
965 1431 998 1491 te
1025 1426 1189 1513 cogitasse

171 1517 240 1582 sinc
269 1538 394 1582 summa
420 1516 559 1602 ratione,
586 1514 670 1580 nihil
697 1520 844 1581 acturum
871 1516 940 1581 sine
964 1537 1089 1580 summa
1113 1537 1191 1600 pru·

131 1629 157 1670 15
172 1605 288 1671 dentia.
335 1610 368 1670 et
391 1605 472 1670 mihi
495 1625 611 1689 parum
634 1604 669 1668 in
687 1626 749 1669 usu
766 1627 874 1669 rerum
897 1607 1024 1669 uersato
1049 1605 1190 1670 obseura

170 1694 273 1759 multa
296 1699 380 1759 sunt.
425 1698 462 1759 tu
490 1698 656 1777 tamquam
682 1692 829 1778 Lynceus
851 1693 942 1758 uides
966 1693 1087 1776 omnia,
1115 1714 1190 1776 pro-

170 1785 267 1848 batus
290 1805 349 1867 per
371 1786 475 1847 totam
498 1786 637 1847 aetatem
660 1781 701 1846 iis
724 1781 906 1847 actionibus
930 1786 962 1846 et
985 1781 1079 1866 curis,
1103 1781 1191 1847 unde
1297 1849 1298 1862 ,

170 1872 257 1936 salus
285 1870 418 1954 publica
445 1870 577 1935 minime
605 1871 705 1935 dubio
733 1872 893 1936 honorum
921 1870 1066 1935 omnium
1096 1870 1189 1935 testi·
1297 1869 1298 1886 ¹

169 1959 279 2024 monio
298 1959 451 2023 manauit.
487 1958 560 2045 Ego
579 1982 630 2023 me
650 1960 758 2045 semel,
775 1981 842 2024 non
859 1964 980 2024 temere
999 1961 1055 2023 aut
1073 1981 1190 2042 repen-

129 2072 156 2111 11
168 2048 239 2112 tina
262 2047 400 2132 quadam
422 2047 590 2113 uoluntate
609 2048 778 2132 impulsus,
800 2047 857 2114 sed
875 2048 1043 2132 explorata
1060 2048 1189 2114 ratione

170 2141 323 2222 certoque
346 2136 465 2202 iudicio
489 2136 646 2201 adductus
673 2137 707 2201 in
735 2137 918 2201 clientelam
945 2140 1035 2201 tuam
1058 2137 1189 2222 tradidi,

169 2249 221 2290 me
243 2226 429 2311 liberosque
452 2249 541 2291 meos
563 2230 639 2290 tuae
662 2225 869 2309 potissimum
890 2225 966 2290 fidei
994 2225 1190 2290 beneuolen-

169 2315 298 2399 tiaeque
322 2315 476 2380 commisi.
523 2315 633 2378 eadem
655 2314 736 2378 mihi
760 2318 918 2399 perpetuo
942 2335 1042 2398 mens,
1066 2314 1189 2400 cadem,

170 2404 277 2486 quoad
294 2404 413 2489 uiuam,
436 2403 470 2467 in
493 2409 526 2467 te
548 2425 614 2467 uno
638 2403 702 2467 sita
724 2425 799 2487 spes
823 2403 892 2467 erit.
938 2407 974 2467 tu
997 2424 1049 2467 me
1072 2425 1190 2468 ornan·

129 2513 155 2554 15
170 2490 255 2576 dum,
283 2490 479 2577 augendum,
505 2493 661 2556 tuendum
688 2491 873 2577 suscepisti,
900 2513 996 2575 saepe
1026 2491 1095 2556 uidi
1126 2514 1188 2576 pro

169 2578 326 2642 uarietate
349 2600 457 2643 rerum
475 2601 619 2643 mearum
642 2584 675 2644 et
697 2580 856 2645 laetitiam
879 2586 912 2645 et
935 2579 1190 2646 sollicitudinem

168 2670 267 2731 tuam.
312 2688 398 2731 nunc
420 2670 588 2753 tamquam
616 2668 721 2734 bonus
751 2669 906 2735 artifext
891 2673 986 2735 tuum
1008 2673 1045 2734 ut
1069 2691 1189 2754 perpo-

168 2755 229 2822 lias
257 2778 340 2840 opus
368 2776 405 2819 ac
433 2755 581 2840 perficias
609 2762 747 2841 oportet.
795 2759 924 2843 expedi,
952 2759 1101 2842 obsecro,
1134 2780 1187 2823 me

167 2845 228 2910 hac
246 2844 373 2911 molest
349 2849 404 2928 tra,
427 2845 558 2910 uelt
499 2849 558 2929 pot
558 2845 609 2912 ius
627 2846 689 2911 hoo
707 2869 758 2911 me
777 2847 921 2931 periculo
944 2847 1056 2911 libera.
1094 2847 1189 2911 uides

128 2956 155 2996 ao
169 2933 255 2998 enim
278 2956 351 2999 cum
373 2934 521 2999 Romano
549 2935 637 3000 caelo
660 2935 792 3000 minime
820 2936 884 3000 iam
908 2935 1080 3000 conuenire
1104 2934 1188 3000 mihi

167 3043 272 3106 posse,
295 3021 412 3086 adduct
398 3027 465 3087 tam
488 3045 557 3087 esse
576 3023 611 3088 in
630 3029 684 3088 ext
685 3046 808 3090 remum
826 3024 893 3089 fere
912 3023 1083 3088 discrimen
1103 3023 1190 3088 salu-

168 3114 235 3174 tem
258 3131 376 3195 meam,
399 3116 591 3177 autumnum
614 3113 797 3198 aduentare,
821 3112 912 3178 cuius
936 3112 1129 3177 uarietatem
1153 3117 1188 3176 et

167 3199 432 3285 inconstantiam,
461 3200 514 3265 hic
542 3201 570 3265 si
597 3223 817 3287 permansero,
844 3223 916 3266 mea
948 3205 1034 3266 certe
1064 3223 1190 3285 nequa-

168 3310 265 3371 quam
294 3289 377 3353 feret
407 3289 623 3354 imbecillitas.
673 3289 827 3355 Venetias
856 3289 969 3354 multis
995 3290 1189 3356 nominibus

127 3376 276 3461 recogito
296 3377 392 3462 idque
410 3378 491 3441 mihi
510 3377 652 3461 primum
671 3383 721 3443 est
741 3382 774 3443 et
793 3383 923 3462 praeter
945 3382 1051 3442 cetera
1070 3384 1188 3462 optan-

167 3462 252 3528 dum.
289 3465 345 3529 sed
368 3465 395 3530 si
418 3466 472 3530 uel
493 3487 553 3549 per
569 3465 774 3552 Pontificem,
797 3467 883 3550 quod
900 3488 967 3532 non
985 3466 1113 3549 opinor,
1133 3467 1188 3530 uel

167 3572 227 3633 per
251 3553 470 3634 quotidianam
493 3553 631 3640 febrem,
655 3554 740 3638 quod
763 3555 868 3642 magis
891 3559 1014 3641 metuo,
1041 3553 1188 3638 patriam
