2610 3890
180 202 223 270 88
587 203 645 259 xc.
671 201 722 258 rio
740 199 787 257 1v.

179 369 326 448 tempore
349 363 437 448 plus,
466 385 563 449 quam
590 386 701 429 omnes
727 363 887 449 homines,
913 364 1066 448 prodesse
1093 367 1197 434 nobis

180 474 263 518 unus
292 452 411 536 possit,
438 452 471 516 id
494 451 602 536 ipsum
627 452 762 517 anobis
790 451 903 535 habet,
930 452 1021 517 isne
1048 475 1107 518 nos
1136 455 1197 520 ali·

179 563 277 624 quam
317 541 401 606 tanti
439 540 586 606 beneficii
625 541 764 626 gratiam
799 544 1005 624 reposcentes
1041 542 1082 606 ab
1119 565 1197 609 sese

178 629 324 694 reiiciet‘?
363 651 430 695 non
458 629 521 694 hoc
555 628 642 694 illius
674 632 802 712 natura,
834 649 900 693 non
930 629 1088 713 doctrina,
1123 653 1197 698 non

151 719 376 783 sconsuetudo
404 719 494 782 feret.
540 715 613 782 Sint
642 738 717 782 sane
746 716 920 782 mutabiles
950 739 1061 782 eorum
1090 719 1196 786 animi

177 829 282 891 neque
305 807 384 871 satis
407 805 442 870 in
465 804 597 870 colenda
620 806 742 870 uirtute
765 805 829 870 sibi
853 809 1014 890 constent,
1041 807 1080 871 fit
1102 806 1196 874 enim

178 917 283 980 saepe,
307 898 345 960 ut
362 893 547 959 uoluntates
570 894 666 959 simul
689 916 763 959 cum
785 893 915 958 fortuna
938 899 1196 962 commutentur:
1291 897 1292 908 ’

177 983 213 1048 in
234 988 281 1066 te,
304 982 458 1048 Pontifex
480 983 618 1067 optime,
639 1005 706 1048 non
729 981 814 1046 cadit
836 982 933 1047 huius
955 982 1196 1050 inconstantiae

177 1071 329 1156 suspicio.
373 1076 431 1136 tua
458 1075 507 1136 cst
537 1072 620 1136 bene
650 1070 767 1156 agendi
796 1071 1011 1156 perpetuitas3
1042 1071 1124 1136 nihil
1158 1073 1196 1138 in

137 1180 164 1221 ro
177 1160 246 1224 uita
268 1165 326 1225 tua
352 1160 491 1242 uarium,
517 1159 601 1223 nihil
623 1158 781 1243 flexibile,
808 1158 890 1238 nihil
917 1159 1050 1224 mistum
1073 1181 1195 1246 cogno-

177 1247 292 1313 uimus.
338 1269 465 1330 semper
488 1246 573 1311 idem
600 1246 676 1330 tibi,
703 1269 832 1330 semper
858 1247 1015 1312 directum
1038 1248 1195 1331 quiddam

177 1333 301 1418 placuit
331 1339 364 1398 et
394 1334 541 1418 simplex.
585 1356 652 1398 non
681 1338 714 1399 te
741 1355 848 1400 rerum
875 1335 1086 1400 humanarum
1112 1337 1194 1402 ficta
1292 1383 1293 1394 η

177 1426 210 1487 et
233 1423 340 1487 fucata
362 1422 479 1507 forma,
502 1444 568 1488 non
590 1422 678 1507 illae,
701 1423 821 1507 quibus
839 1422 986 1507 plerique
1009 1424 1195 1510 capiuntur,

176 1511 348 1577 insidiosae
371 1511 579 1596 uoluptatum
603 1511 774 1576 illecebrae
797 1515 960 1594 ceperunt.
1004 1534 1072 1577 non
1094 1517 1131 1578 tu
1157 1513 1196 1580 in
1292 1553 1293 1564 κ

136 1621 162 1662 rs
176 1600 288 1665 tabula
311 1600 414 1685 picta,
442 1600 530 1665 inani
553 1599 697 1665 colorum
721 1599 828 1683 specie
851 1604 980 1684 captus,
1006 1599 1109 1665 oculis
1131 1600 1195 1667 im-

175 1689 354 1754 mobilibus
376 1688 519 1754 haesisti.
563 1711 631 1753 non
657 1687 792 1752 sericam
819 1691 956 1771 uestem,
983 1710 1050 1754 non
1077 1711 1194 1775 argen-

175 1781 265 1841 teum
288 1798 361 1861 uas,
383 1798 450 1841 non
472 1780 584 1841 aurata
606 1780 694 1840 tecta
717 1776 827 1860 paullo
851 1776 1000 1860 cupidius
1022 1777 1194 1861 aspexisti.

176 1864 323 1948 denique,
346 1886 386 1929 ne
408 1864 536 1951 singula
559 1885 799 1949 persequamur,
822 1885 895 1928 cum
918 1864 1064 1948 plerique
1086 1865 1195 1931 homi·

173 1973 254 2017 num
290 1952 358 2016 siue
392 1953 498 2038 gratia
530 1952 599 2017 siue
630 1957 719 2017 metu
756 1953 797 2017 ab
835 1952 941 2017 officio
980 1952 1196 2039 deducuntur,

135 2062 162 2102 ao
173 2061 351 2124 numquam
373 2045 406 2106 te
425 2041 479 2106 uel
496 2041 543 2105 ita
566 2041 671 2127 gratia
695 2039 849 2105 deleniuit
873 2040 926 2105 uel
944 2041 991 2105 ita
1009 2045 1116 2107 metus
1139 2043 1196 2108 de·
1293 2107 1294 2118 ,

174 2129 305 2213 terruit,
340 2133 378 2194 ut
414 2129 570 2218 pietatem
606 2129 860 2214 religionemque
892 2128 1061 2194 desereres.
1112 2131 1205 2215 quid·

175 2218 316 2284 mirum?
351 2218 512 2284 uirtutum
534 2217 657 2282 radices
679 2239 746 2282 non
767 2217 814 2282 ita
834 2217 951 2282 leuiter
969 2218 1132 2284 bonorum
1155 2219 1194 2286 in
1293 2205 1294 2278 i

175 2307 291 2373 animis
318 2306 500 2391 inhaerent,
529 2310 567 2372 ut
594 2328 648 2371 eas
676 2305 814 2370 euellere
841 2310 898 2371 aut
926 2307 1087 2372 commodi
1115 2329 1196 2392 spes

175 2399 232 2459 aut
261 2395 398 2478 periculi
429 2394 590 2461 dubitatio
621 2393 734 2478 possit.
787 2416 885 2477 quare
914 2397 990 2459 tuae
1020 2400 1195 2462 consuetu·

136 2503 161 2544 aa
176 2480 260 2546 dinis
290 2486 323 2546 et
353 2482 553 2548 constantiae
579 2503 737 2547 memores
764 2504 830 2547 non
857 2480 1000 2566 petimus
1027 2505 1046 2548 a
1073 2488 1121 2569 te,
1153 2489 1194 2550 ut

175 2568 297 2652 aliquid
328 2583 415 2656 agas
441 2574 553 2635 nostra
586 2590 709 2654 caussa,
746 2570 833 2654 quod
864 2592 938 2635 cum
969 2571 1088 2657 egeris,
1124 2594 1194 2639 non

175 2656 355 2722 consentire
384 2677 457 2722 cum
482 2657 549 2723 tuis
573 2657 795 2740 superioribus
822 2659 917 2724 factis
944 2659 1107 2746 uideatur,
1135 2661 1195 2726 sed

174 2744 209 2809 id
231 2745 387 2831 petimuS,
410 2746 498 2830 quod
520 2768 539 2810 a
561 2750 595 2810 te
617 2767 683 2811 non
705 2747 801 2812 modo
824 2747 896 2830 ipsa
919 2769 983 2832 res,
1010 2748 1067 2813 sed
1091 2750 1193 2815 etiam

175 2834 373 2900 consuetudo
406 2839 464 2900 tua
498 2833 657 2918 postulat,
693 2839 730 2900 ut
762 2835 797 2899 in
827 2839 938 2900 uetere
969 2835 1026 2901 illo
1059 2841 1194 2904 tuarum

135 2943 161 2984 oo
175 2923 339 2988 actionum
370 2923 526 2988 laudabili
559 2945 654 2988 cursu
686 2945 812 3009 pergas.
859 2923 945 3008 quod
977 2945 1050 2989 cum
1082 2926 1195 3011 facies,

175 3011 337 3076 facturum
373 3011 472 3096 enirn,
512 3012 589 3095 quia
620 3015 653 3076 te
685 3011 848 3096 nouimus,
887 3034 955 3078 non
992 3012 1193 3100 dubitamus,

175 3098 401 3182 complecteris
423 3122 482 3165 nos
506 3100 619 3165 eodem
642 3099 759 3183 studio,
783 3121 846 3183 quo
869 3099 960 3184 ipsae
983 3104 1016 3166 te
1040 3101 1194 3188 aluimus,

176 3191 208 3252 et
244 3187 279 3251 in
316 3209 390 3253 eum
425 3188 533 3253 locum
569 3188 734 3272 restituae,
770 3187 854 3252 unde
891 3210 951 3254 nos
987 3189 1193 3256 aduersarios

175 3279 319 3363 nostrae,
342 3277 471 3343 inscitia
494 3277 591 3342 simul
615 3280 647 3340 et
671 3275 820 3358 auaritia,
844 3277 979 3343 comites
1001 3284 1194 3364 perpetuae,

136 3380 162 3424 ac
177 3362 389 3432 detrusanmt.
434 3364 516 3431 Vale
540 3363 701 3450 [Venetiis
722 3362 958 3449 MDLlXsLX}
