2610 3890
159 175 223 240 152
391 204 393 210 ι
441 170 566 230 LXXIV.
593 169 712 227 camillo
730 170 888 232 Palaeotto.

156 333 304 402 uillulam
325 337 413 400 recta
431 356 482 398 me
502 333 689 418 conferrem,
710 337 749 398 ut
766 337 823 399 tua
842 333 1081 420 consuetudine,
1105 335 1174 401 tuis

157 424 369 508 sermonibus,
388 427 446 488 tuo
461 422 612 488 conuictu
630 422 761 507 fruerer,
779 427 812 487 te
832 422 968 508 denique
988 422 1174 489 discedente
1301 479 1302 506 ,

156 517 265 578 custos
288 535 499 596 remanerem,
526 511 664 595 pomerii
692 512 888 596 praefectus,
914 511 1044 576 uillious
1072 511 1173 596 plane

156 607 242 668 tuus.
288 601 424 686 quodsi
456 599 628 686 accideret,
659 603 696 664 ut
725 599 800 665 istic
830 598 977 666 exsulare
1009 605 1172 685 perpetuo
1301 591 1302 638 ³

131 713 304 778 ecogerer,
331 690 427 755 modo
454 693 487 754 te
510 688 673 754 interdum
695 688 796 772 socio,
823 689 919 754 modo
944 711 1016 754 cum
1038 688 1173 777 libellis,

156 780 319 865 praeclare
355 800 481 843 mecum
517 781 625 842 actum
660 781 823 861 putarem,
858 778 995 843 multam
1032 776 1173 844 salutem

155 869 303 954 urbibus,
320 867 458 931 multam
476 866 664 952 bonoribus,
687 866 722 931 in
741 865 860 950 quibus
878 866 976 932 ceteri
995 865 1173 952 insaniunt,

155 957 297 1023 libenter
320 956 466 1020 dicerem.
508 954 588 1039 quid
610 955 697 1019 enim
721 958 906 1038 exspectem
928 954 1093 1039 amplius?
1126 955 1172 1019 di·

156 1045 219 1110 dici
237 1046 303 1111 iam
321 1049 354 1110 et
371 1066 490 1130 magna
507 1043 652 1108 mercede
671 1065 743 1108 sum
762 1047 924 1129 expertus,
946 1065 1043 1128 quam
1061 1041 1172 1108 inania

117 1156 143 1197 ιο
156 1135 222 1199 sint
259 1134 329 1218 illa,
366 1155 448 1216 quae
480 1132 642 1197 communi
675 1132 829 1215 deceptus
865 1154 972 1197 errore
1004 1131 1172 1216 praeclara

156 1224 318 1286 duxeram.
373 1242 509 1306 magnae
546 1221 644 1285 urbes
680 1242 814 1306 magnas
850 1221 1092 1304 occupationes,
1128 1243 1171 1285 ne

156 1310 260 1374 dicam
283 1308 437 1394 miserias,
459 1308 591 1372 habent.
629 1307 656 1372 si
680 1330 776 1392 quem
799 1309 938 1374 delectat
961 1309 1109 1393 ambitio,
1142 1309 1172 1374 si

155 1397 229 1482 quis
251 1397 416 1484 augendae
440 1396 487 1461 rei
510 1396 677 1462 familiaris
705 1419 782 1462 cura
805 1397 964 1484 tangitur,
992 1398 1020 1463 si
1043 1402 1171 1462 senten·

155 1487 236 1552 tiam
265 1486 299 1551 in
329 1485 417 1551 curia
449 1485 553 1550 dicere
585 1491 642 1551 aut
673 1508 693 1550 a
722 1486 835 1551 multis
866 1487 901 1552 in
930 1488 1001 1552 foro
1035 1484 1171 1551 salutari
1303 1513 1304 1574 i

115 1598 141 1638 re
155 1576 241 1643 inter
263 1598 389 1641 summa
412 1575 518 1660 ponit:
540 1575 656 1640 urbem
675 1579 768 1639 amet.
809 1597 860 1640 me
884 1574 1014 1660 quidem
1032 1575 1172 1660 posthac
1301 1605 1304 1638 a

154 1666 317 1731 aemulum
354 1664 552 1748 riualemque
587 1686 654 1729 non
688 1663 826 1729 habebit
863 1685 1024 1748 umquam.
1080 1666 1171 1728 aetas

154 1759 280 1840 nostra,
312 1753 357 1817 mi
387 1751 533 1838 Oamille,
565 1752 606 1817 ad
635 1751 739 1816 otium
767 1751 883 1838 uergit.
934 1752 1037 1835 uides,
1070 1773 1171 1836 quam

155 1844 243 1907 fluxa
266 1841 332 1906 sint
355 1840 472 1924 omnia,
496 1863 592 1924 quam
615 1840 709 1905 facile
732 1840 818 1905 hunc
841 1845 874 1904 et
892 1840 994 1926 illum,
1017 1841 1171 1906 florentes

156 1929 290 2014 opibus,
319 1930 470 1993 florentes
500 1932 618 2014 aetate,
648 1929 819 2014 repentina
847 1951 934 1994 mors
963 1931 1102 2015 auferat,
1133 1934 1171 1994 ut

114 2042 141 2082 ao
154 2018 216 2083 hoe
238 2018 355 2102 ipsum,
378 2017 464 2100 quod
482 2016 580 2100 spatii
599 2016 802 2103 relinquitur,
825 2021 933 2081 totum
954 2017 989 2082 in
1007 2017 1097 2083 lucro
1117 2018 1170 2082 de

154 2106 336 2190 putandum
353 2127 424 2169 esse
442 2104 598 2170 uideatur.
630 2126 667 2169 ac
681 2106 750 2170 fieri
770 2105 899 2190 quidem
918 2109 1037 2192 potest,
1056 2109 1093 2171 ut
1113 2106 1169 2170 diu

154 2196 311 2261 uiuamus.
349 2193 418 2279 sed,
442 2193 589 2279 obsecro,
612 2193 690 2278 quid
709 2194 783 2281 erit,
806 2216 863 2259 cur
885 2216 946 2260 nos
969 2195 1024 2259 diu
1047 2195 1170 2260 uixisse

153 2285 320 2368 laetemur,
342 2281 427 2347 inter
450 2282 641 2347 domesticas
665 2305 766 2367 curas,
789 2282 874 2347 inter
896 2283 1064 2348 hominum
1084 2285 1170 2348 frau-

155 2372 219 2457 des,
241 2371 459 2455 infidelitates,
481 2370 621 2454 insidias,
644 2370 725 2435 addo
750 2371 848 2436 etiam
870 2371 1018 2455 publicas
1042 2371 1170 2437 calami-

115 2483 141 2523 ae
155 2465 253 2544 tetes,
283 2460 402 2544 quibus
425 2463 589 2545 anguntur
611 2459 674 2524 uiri
697 2459 788 2545 boni,
817 2461 928 2544 quales
955 2482 1015 2526 nos
1043 2464 1075 2525 et
1099 2483 1170 2526 esse

155 2553 188 2613 et
205 2548 320 2612 haberi
338 2547 511 2613 uolumus?
539 2546 786 2633 Amplectamur
803 2547 906 2634 igitur
924 2549 1030 2614 studia
1048 2553 1171 2634 nostra,

154 2640 279 2702 remota
302 2636 343 2700 ab
367 2635 501 2700 arbitris
527 2635 598 2700 loca
625 2657 771 2721 amoena,
799 2637 941 2702 salubria
969 2659 1170 2725 quaeramus,

154 2725 246 2812 uulgi
279 2722 436 2790 stultitias
468 2724 671 2809 ineptiasque
701 2724 856 2812 uitemus,
888 2727 1012 2792 animos
1044 2727 1169 2792 excola·

153 2837 239 2900 mus,
268 2817 306 2880 ut
334 2836 387 2879 eas
415 2815 526 2900 fruges
554 2813 672 2900 ferant,
703 2835 783 2898 quas
809 2837 869 2879 nee
897 2814 978 2880 caeli
1002 2815 1171 2881 calamitas

114 2927 141 2967 eo
154 2907 349 2988 corrumpat,
365 2923 426 2967 nec
444 2902 548 2967 malus
566 2901 692 2967 uicinus
709 2903 797 2968 furto
812 2904 992 2990 subtrahat,
1010 2926 1070 2969 nec
1088 2903 1170 2970 belli

150 2991 327 3060 saeuientis
349 2990 491 3074 impetus
516 2990 670 3056 deuastet.
714 2989 753 3056 In
775 2991 835 3056 hac
858 2991 1074 3057 sententiata
1098 3015 1170 3058 esse

154 3084 187 3144 et
216 3078 302 3143 idem
331 3078 464 3161 probari
496 3078 625 3163 utrique
657 3082 805 3145 nostrum
834 3080 963 3146 litterae
994 3085 1069 3146 tuae
1101 3103 1171 3148 non

152 3167 260 3234 minus
283 3166 450 3253 eleganter
476 3187 574 3250 quam
601 3167 777 3251 prudenter
806 3169 946 3253 scriptae
974 3169 1171 3257 significant.

152 3257 216 3324 Sed
234 3255 391 3341 impedita
408 3259 545 3339 propter
563 3255 754 3322 domesticas
773 3256 980 3324 difficultates
994 3279 1065 3324 mea
1082 3259 1171 3326 ratio

113 3366 141 3406 aa
155 3351 218 3428 est,
247 3349 304 3410 tua
331 3345 428 3432 longe
452 3343 578 3409 facilior
604 3349 638 3409 et
661 3345 850 3430 expeditior.
895 3347 979 3412 nihil
1002 3347 1088 3412 enim
1112 3348 1172 3412 ob-

156 3437 232 3516 rtat,
265 3455 329 3517 quo
361 3434 468 3499 minus
495 3433 541 3518 id,
569 3433 656 3517 quod
682 3434 746 3521 uis,
779 3436 911 3520 exsequi
940 3440 973 3501 et
1000 3440 1170 3521 praestare

195 3521 267 3585 esis.
313 3543 374 3613 ego
398 3522 566 3588 uoluntate
594 3526 626 3587 et
649 3523 846 3610 cogitatione
874 3545 1002 3614 pascor,
1029 3524 1173 3610 abipsa
