2578 3896
196 180 241 246 34
478 179 549 236 XVI.
577 179 622 234 Ad
640 178 794 235 Antonium
811 178 930 236 Aelium.

194 344 310 410 Latine
333 342 515 429 scriberem,
537 342 1115 429 urgebatetscribebat'tutrpse,
1138 347 1214 431 scis,

195 432 375 499 luculenter
405 435 438 496 ιι
465 431 603 518 egregie.
649 346 812 532 probabat
839 431 970 496 omnino
997 453 1107 496 meum
1137 455 1211 498 con·

197 521 361 586 siliumet
384 520 551 604 efferebat,
578 519 717 584 maxime
741 519 779 584 de
803 520 1074 585 commentariis
1065 543 1100 585 m
1125 520 1213 588 Cice-

197 610 286 676 ronis
303 613 373 674 οιιι
373 609 473 675 iones.
510 570 567 674 seii
584 608 724 673 exerceri
745 607 887 672 malebat
872 609 998 692 tprius
1017 609 1212 676 industriam

169 721 302 764 smeam
338 698 372 763 in
403 696 666 782 Antiquitatibus
699 696 855 762 Romanis
890 697 963 781 ipsc
1000 696 1211 781 potissimum

197 792 327 853 auctore
349 786 517 851 institutis.
563 785 707 870 interim,
734 789 771 850 ut
799 785 890 870 quasi
918 807 958 850 ex
982 785 1078 851 unius
1106 789 1213 871 partis

195 878 300 942 forma
332 875 370 940 de
402 878 473 939 ιοιο
505 874 616 940 liceret
646 873 790 939 aedificio
821 873 992 958 coniicere,
1024 895 1124 940 unam
1157 877 1212 940 ali·

197 987 302 1051 quam,
326 985 407 1048 quae
425 964 589 1047 specimen
607 962 730 1050 ingenii
748 963 812 1027 mei
831 963 1011 1047 praeberet,
1030 963 1210 1030 orationem

197 1051 376 1120 subseciuis
398 1051 487 1118 horis
511 1056 548 1118 ut
576 1051 799 1136 exponendam
822 1051 1031 1137 susciperem,
1058 1051 1211 1119 hortatus

156 1167 184 1208 ιο
197 1146 254 1208 ιιι.
306 1163 366 1228 ego
399 1141 523 1225 sumpsi
555 1163 616 1225 pro
648 1138 759 1205 Sextio
791 1161 851 1205 nec
882 1140 994 1205 multis
1026 1145 1104 1224 post
1138 1164 1210 1206 eum

197 1251 378 1330 sermonem
403 1229 570 1300 mensibus
597 1229 697 1314 hunc,
727 1228 782 1312 qui
811 1251 896 1293 nunc
924 1229 958 1293 in
985 1233 1042 1294 tuo
1069 1231 1210 1314 nomine,

196 1318 266 1384 Ant
251 1317 321 1383 toni
352 1316 442 1402 Aeli,
474 1317 663 1402 apparebit
695 1317 961 1382 commentarium
993 1318 1132 1384 absolui
1180 1324 1210 1384 ιι

197 1407 297 1493 quod,
327 1405 381 1471 ille
410 1407 437 1471 si
465 1406 604 1491 uiueret,
633 1405 793 1492 fecissem,
822 1410 860 1471 ut
889 1406 951 1471 hoe
978 1406 1022 1493 ei,
1052 1407 1210 1492 quidquid

197 1500 260 1578 est,
290 1495 432 1561 muneris
459 1495 629 1582 deferrem,
660 1494 767 1560 ιιιιάιο
794 1516 867 1560 meo
897 1499 1090 1580 commotus,
1123 1496 1212 1561 illius

157 1611 183 1652 ιι
197 1549 319 1652 uirtute
342 1585 511 1669 impulsus,
534 1584 620 1649 idem
641 1605 736 1666 nunc,
763 1583 878 1648 iisdem
900 1583 1018 1648 adduct
1003 1587 1057 1649 tus
1080 1585 1212 1668 caussis,

197 1679 305 1740 tecum
326 1673 409 1739 facio
427 1672 652 1739 libentissime.
688 1694 764 1736 nam
786 1694 860 1737 cum
882 1672 1026 1736 amicitia
1043 1672 1129 1738 inter
1153 1697 1213 1740 nos

197 1767 259 1846 est,
284 1765 404 1846 quanta
370 1761 475 1826 tint
462 1765 512 1826 ter
535 1760 628 1847 duos,
651 1781 789 1845 quorum
811 1766 845 1825 et
867 1760 1017 1826 uoluntat
1002 1764 1052 1826 tes
1075 1765 1109 1826 ιι
1132 1761 1213 1827 iudi·

198 1852 247 1916 cia
270 1850 485 1934 consentiant,
514 1870 582 1914 esse
610 1852 720 2002 potest
747 1849 900 1914 maxima:
930 1853 1001 1914 tum
1023 1850 1127 1915 habes
1152 1852 1214 1916 uir-

197 1942 311 2040 tutem,
332 1959 399 2002 non
418 1959 497 2023 eam,
521 1959 602 2022 quae
621 1941 690 2022 pet1
678 1941 744 2002 1tur
763 1959 782 2001 a
799 1938 903 2021 libris,
926 1960 1007 2023 quae
1025 1961 1092 2003 uno
1113 1940 1214 2005 scien
1276 1929 1277 1968 ³

156 2027 262 2095 actiae
284 2026 414 2091 nomine
439 2026 550 2091 definit
536 2031 603 2110 urt,
626 2026 682 2092 sed
706 2047 789 2113 eam,
816 2048 898 2111 quae
922 2027 1025 2092 oritur
1047 2049 1088 2091 ex
1113 2029 1213 2093 animi
1276 2019 1277 2066 l

197 2120 349 2220 praestan
309 2115 397 2181 antia
425 2119 458 2180 ιι
443 2115 635 2181 tmultas
627 2138 661 2180 m
689 2137 723 2179 se
745 2115 856 2180 laudes
879 2137 940 2181 con
940 2115 1037 2200 tinet,
1067 2117 1215 2182 studium

196 2205 464 2290 msuscipiendis
482 2203 646 2270 Ecclesiae
664 2225 776 2270 caussa
793 2203 972 2289 laboribus,
995 2205 1215 2271 constantiam

196 2297 231 2361 in
253 2294 460 2380 perferendis,
482 2293 749 2358 humanitatem
741 2314 776 2356 m
793 2257 992 2377 excipiendis
1014 2292 1217 2380 hominibus,

197 2383 382 2469 benignitat
348 2404 434 2446 aem
457 2383 492 2447 in
515 2381 738 2467 subleuandis,
767 2381 886 2446 comita
867 2385 954 2445 atem
981 2381 1016 2446 in
1042 2389 1215 2448 consuetu·

158 2497 185 2539 ιι
199 2471 272 2535 dine
295 2470 511 2622 familiarium,
535 2469 762 2571 grauitatem
753 2492 787 2534 m
810 2491 984 2556 congressu
1007 2474 1041 2534 et
1064 2493 1213 2537 sermone

198 2560 394 2659 clarorumt
395 2558 493 2642 uique
516 2557 671 2622 similium
693 2557 847 2645 uirorum,
870 2558 1008 2643 denique
1031 2557 1195 2624 uoluntat
1171 2563 1214 2624 trs

197 2645 448 2733 propensionem
474 2646 514 2710 ad
538 2646 662 2748 optima
685 2668 830 2732 quaeque
854 2647 1058 2734 singularem
1101 2648 1214 2733 itaque

197 2742 230 2801 te
261 2757 404 2800 summus
436 2734 491 2799 ille
523 2727 642 2800 artium
670 2735 879 2802 honestarum
911 2740 1082 2821 patronus,
1116 2737 1213 2802 decus

196 2825 322 2910 ltaliae,
345 2823 528 2888 Alexander
550 2823 722 2889 Famesius
746 2823 959 2890 cardinalis
950 2847 985 2889 m
1012 2824 1116 2890 oeulis
1141 2827 1214 2911 fert,

155 2941 183 2980 eo
197 2915 259 2979 tibi
283 2935 398 2978 arcana
420 2911 643 2999 communicat,
666 2912 763 2977 tuis
754 2935 787 2977 m
807 2912 1007 2998 consiliis,
982 2935 1010 2977 ιι
1034 2913 1113 2997 quid
1137 2913 1211 2979 deli-

198 3002 377 3068 berandum
400 3004 459 3087 est,
485 3001 633 3086 multum,
657 3002 684 3066 si
708 3001 786 3085 quid
809 3001 1049 3086 perficiendum,
1072 3002 1107 3066 in
1131 3001 1212 3089 uigi-

196 3090 297 3154 lantia
324 3089 500 3174 plurimum
527 3089 628 3174 ponit.
674 3093 724 3173 tu,
752 3112 816 3174 quo
845 3091 931 3175 apud
959 3089 1052 3156 illum
1074 3090 1214 3156 Maffeus

197 3179 274 3244 olim
303 3177 375 3243 loco
405 3178 482 3263 fuit,
512 3178 624 3243 eodem
653 3178 723 3262 ipse
753 3201 839 3244 nune
869 3200 903 3244 es
932 3178 1210 3264 rectissimamque
1275 3223 1276 3242 ι

195 3267 427 3334 laudandanrm
456 3267 620 3332 actionum
649 3267 736 3332 uiam
767 3268 949 3333 obseruatis
976 3266 1086 3332 Maffei
1114 3268 1210 3332 uesti-

157 3383 184 3424 ιι
198 3357 261 3442 giis
284 3357 449 3441 ingressus
472 3355 583 3440 pergis
606 3376 644 3419 ιο
667 3355 853 3420 fauentibus
872 3355 1069 3437 hominibus,
1094 3377 1209 3440 appro-

197 3445 296 3508 bante
319 3443 402 3529 Dec,
425 3444 483 3508 ubi
506 3442 653 3507 debitum
675 3443 729 3529 iis,
758 3444 812 3527 qui
836 3443 919 3508 bene
942 3466 979 3508 ac
1001 3442 1210 3508 laudabiliter

198 3531 348 3622 uixerint,
366 3532 555 3619 praemium,
575 3553 699 3608 summa
718 3531 858 3617 dignitas
873 3531 1077 3615 persoluitur.
1104 3531 1210 3597 Mouit
