2610 3890
216 167 260 232 94
397 131 401 139 ’
487 167 571 222 ,mu
599 167 749 224 cranenco
767 168 952 230 aoeorreuio.

673 401 769 466 XLV.

290 535 496 605 Francisco
523 541 771 606 Robortellio
798 541 1008 607 Bononiam
1037 551 1081 622 (V,
1097 553 1150 620 27).

176 729 180 741 .
299 681 452 769 Magnam
488 682 593 748 habeo
632 681 772 770 gratiam
803 682 1002 768 Hieronymo
1039 683 1218 769 Seripando,

213 770 337 854 optimo
368 769 529 836 cardinali
562 771 768 856 omniumque
801 770 960 837 uirtutum
996 771 1101 858 gloria
1137 795 1218 858 prae-

188 858 428 944 estanrissimo,
456 859 543 943 quod
569 859 610 924 ab
638 859 747 944 aliqua
772 881 832 926 nos
860 861 902 925 ob
926 860 1142 926 imitationem
1164 861 1217 926 uir-

214 946 296 1012 tutis
319 951 431 1012 exorta
453 947 618 1013 simultate
641 949 681 1012 ad
699 969 856 1014 summam
875 948 1137 1016 beneuolentiem
1154 972 1217 1015 con-

215 1034 477 1121 iunctionemque
512 1036 701 1103 traduxerit.
760 1041 793 1101 te
829 1036 959 1121 quidem
999 1059 1073 1102 cum
1110 1038 1217 1104 eximia

175 1159 179 1169 ,
216 1123 379 1189 doctrinae
403 1125 569 1208 opinione,
599 1145 696 1209 quam
723 1125 810 1209 apud
837 1147 947 1190 omnes
974 1124 1091 1195 merito
1119 1149 1216 1192 conse·

216 1216 309 1276 cutus
337 1234 384 1294 es,
415 1212 627 1276 humanitatis
658 1213 786 1277 leudem
818 1213 902 1278 uelle
934 1214 1129 1300 coniungere
1155 1219 1216 1279 tum

175 1321 201 1360 ιο
215 1321 286 1362 mee
309 1320 421 1364 caussa
443 1300 560 1383 laetor,
588 1299 651 1383 qui
671 1304 728 1364 tua
755 1300 984 1366 consuetudine
1006 1302 1144 1370 nimium
1169 1303 1217 1366 diu

214 1385 440 1452 molestissime
459 1387 546 1453 carui
564 1410 717 1472 meaeque
739 1388 775 1453 in
797 1394 830 1454 te
853 1394 1029 1474 perpetuae
1048 1391 1217 1456 uoluntatis

214 1475 285 1559 ipse
307 1475 388 1540 mihi
412 1476 541 1563 egregie
564 1497 635 1541 sum
659 1477 812 1562 conscius,
834 1481 904 1543 tum
923 1499 1010 1562 uer0,
1033 1479 1121 1563 quod
1142 1479 1217 1544 inter

178 1591 181 1596 ·
214 1569 247 1629 te
280 1568 312 1629 et
344 1563 513 1651 Sigonium
544 1569 704 1648 nostrum,
736 1566 824 1630 uiros
855 1565 937 1631 tales
969 1571 1001 1633 et
1033 1566 1130 1651 plane
1163 1567 1217 1632 duo

213 1657 343 1718 nostrae
370 1652 483 1718 Italiae
513 1653 648 1739 lumina,
677 1675 743 1718 non
774 1654 897 1738 optime
926 1655 1098 1722 conuenire
1125 1657 1217 1722 feren-

175 1761 201 1802 15
215 1741 291 1806 dum
320 1740 376 1804 uix
404 1745 481 1806 erat.
527 1742 637 1826 itaque
669 1763 741 1806 cum
773 1743 812 1806 de
842 1747 954 1809 nostra
985 1747 1116 1809 auctore
1142 1743 1217 1810 Seri-

214 1828 320 1913 pando
358 1829 563 1893 reconciliata
599 1830 705 1916 gratia
743 1853 782 1896 ex
813 1830 917 1914 ipsius
948 1830 1074 1917 Sigonii
1106 1832 1217 1898 litteris

215 1916 452 2002 cognouissem‚
477 1917 538 1982 feci
562 1917 685 2002 statim,
713 1941 794 2003 quae
818 1941 908 1984 meae
930 1925 1039 2004 partes
1062 1925 1168 2007 erant,
1188 1924 1218 1984 ut

175 2086 177 2091 .
214 2005 321 2069 animo
349 2009 381 2069 te
410 2006 640 2090 complecterer
662 2027 777 2092 meque
804 2007 880 2092 tibi,
906 2007 1023 2073 leuiter
1049 2013 1144 2074 antea
1167 2029 1218 2074 nec

214 2115 290 2159 sane
323 2093 476 2159 mediocri
509 2116 581 2160 cum
614 2094 723 2160 dolore
755 2096 974 2181 immutatum,
1009 2096 1217 2163 libentissime

175 2205 201 2244 eo
213 2187 320 2248 totum
343 2183 553 2248 restituerem.
598 2181 629 2250 A
652 2187 685 2247 te
708 2188 799 2268 peto,
821 2206 887 2249 non
910 2188 947 2249 ut
969 2206 1020 2249 me
1043 2191 1161 2252 mutuo
1180 2184 1217 2248 di-

212 2272 305 2358 liges,
329 2272 415 2356 quod
437 2276 470 2336 te
493 2272 558 2336 iam
581 2271 685 2336 facere
708 2277 933 2357 perpetuoque,
953 2273 1115 2338 facturum
1139 2278 1219 2340 certo

213 2361 293 2444 scio,
326 2360 382 2424 sed
410 2364 447 2424 ut
477 2359 592 2424 officiis
622 2360 719 2424 etiam
748 2360 795 2425 ita
824 2382 949 2426 mecum
981 2367 1103 2427 certare
1137 2361 1218 2446 uelis,

214 2447 333 2531 quibus
357 2452 390 2513 et
412 2448 527 2530 cupide
551 2447 678 2512 uincam
701 2453 733 2513 et
756 2449 867 2514 uincar
884 2454 992 2514 tamen
1009 2471 1077 2514 non
1094 2450 1218 2532 inuitus,

213 2538 251 2596 ut
279 2533 362 2598 nihil
393 2535 523 2600 omnino
552 2557 657 2619 neque
687 2535 725 2601 de
754 2559 826 2602 mea
855 2536 889 2602 in
918 2542 951 2602 te
979 2543 1089 2603 uetere
1118 2541 1217 2605 obser·

174 2642 200 2683 as
214 2621 325 2685 uantia
354 2643 458 2706 neque
489 2622 528 2686 de
557 2626 614 2686 tua
643 2623 677 2687 in
706 2647 757 2688 me
789 2626 1016 2690 beneuolentie
1046 2627 1216 2692 detractum

214 2731 283 2774 esse
306 2709 462 2775 uideatur.
509 2731 703 2796 quamquam
725 2713 788 2777 hoc
815 2717 872 2778 tua
895 2715 998 2782 fretus
1022 2715 1168 2780 bonitate
1190 2716 1217 2776 et

212 2797 372 2882 sapientia
400 2820 472 2864 cum
500 2800 697 2884 sperauerim
720 2805 827 2886 antea,
854 2823 940 2868 nunc
968 2808 1005 2868 ut
1032 2803 1129 2887 plane
1152 2824 1215 2868 con·

176 2909 183 2947 τ
211 2887 318 2972 fidam,
336 2887 463 2952 litterae
486 2893 562 2953 tuae
580 2888 724 2954 fecerunt
748 2889 789 2953 ad
806 2890 969 2956 hominem
993 2892 1076 2956 bene
1096 2892 1217 2958 doctum

212 2979 245 3037 et
268 2975 436 3059 utriusque
462 2982 609 3041 nostrum
637 2977 906 3063 amantissimum,
928 2979 1130 3064 Raphaelem
1153 2973 1216 3062 cyl-

172 3085 198 3124 ao
211 3062 342 3148 lenium,
365 3064 517 3147 proxime
530 3064 740 3151 conscriptae,
764 3066 883 3150 quibus
906 3068 941 3132 in
961 3067 1081 3133 litteris
1105 3066 1216 3153 partim

213 3151 252 3214 de
284 3173 349 3237 me,
382 3173 446 3235 quo
476 3175 548 3217 sum
576 3153 710 3218 mirifice
741 3153 894 3240 laetatus,
928 3156 1147 3222 amantissime
1176 3154 1215 3216 lo-

212 3239 329 3324 queris,
352 3240 472 3324 partim
495 3242 593 3306 etiam
611 3245 709 3326 typos
729 3241 866 3308 Graecos
888 3245 998 3311 fratris
1020 3245 1094 3329 mei,
1117 3240 1215 3310 nescio

212 3349 275 3410 qua
307 3328 403 3413 culpa
434 3329 581 3414 amissos,
618 3329 848 3416 benignissime
880 3332 961 3397 mihi
993 3333 1154 3415 polliceris
1184 3348 1215 3391 ae

212 3415 323 3480 defero.
369 3417 456 3504 Ego,
485 3417 530 3482 mi
557 3418 759 3502 Robortelle‚
789 3419 885 3483 istam
914 3420 1123 3485 uehementer
1151 3437 1214 3483 amo

212 3500 421 3592 uoluntatem,
442 3528 539 3592 quam
557 3506 620 3570 tibi
639 3511 724 3570 certe
746 3507 887 3572 emetior.
931 3508 1128 3574 liberalitate
1146 3525 1215 3572 uero
