2578 3896
408 179 534 244 XXXIV.
555 181 697 253 Stephano
717 182 824 240 Saulio.
1082 187 1124 254 75

103 347 307 432 loquentem.
353 346 490 412 ornabat
516 344 668 411 laudibus
699 345 748 433 (et
775 350 825 411 est
852 347 962 433 homo,
990 354 1028 416 ut
1057 351 1127 437 scis,

104 441 225 504 natura
239 434 386 520 simplex,
404 437 520 519 rectus,
538 434 630 500 cuius
648 435 689 500 ab
709 434 824 500 intimo
843 458 938 502 sensu
951 459 1127 524 numquam

106 547 151 592 ne
174 524 343 590 minimum
367 523 498 608 quidem
520 527 577 587 aut
595 521 707 589 uultus
736 527 793 588 aut
816 525 918 590 oratio
943 526 1126 615 discrepet).

108 611 190 700 quid
216 612 332 697 plura?
370 611 598 677 conferendum
629 633 702 677 cum
732 612 925 697 antiquitate
952 614 1125 682 iudicabat.

108 701 329 780 Quamobrem
357 701 453 766 redeo
489 700 566 765 illuc
600 705 633 765 et
665 700 820 766 concludo
851 702 970 787 paucis.
1015 703 1127 790 Magni
1144 725 1168 772 ,5

109 791 192 858 facis
216 789 442 875 eloquentiam,
465 789 556 874 cupis
580 811 650 854 eam
674 791 834 876 cognosci,
858 791 948 877 cupis
971 793 1070 857 amari
1094 798 1128 858 et

110 880 181 946 coli.
210 879 342 966 egregia
356 877 517 962 cupiditas
532 881 565 942 et
577 878 683 943 nobih
698 901 773 944 sano
788 879 860 945 uiro
875 878 986 966 digna!
1004 903 1128 967 uerum,

23 987 31 1008 ·
110 973 148 1034 ut
170 967 234 1032 tibi
257 967 445 1051 satisfacias,
469 970 501 1031 et
524 965 671 1032 inuenies
691 967 815 1033 exitum
838 969 938 1033 studii
960 969 1018 1053 tui,
1042 969 1126 1056 elige

111 1058 149 1122 de
177 1056 319 1142 duobus,
346 1059 456 1120 utrum
484 1054 542 1120 uis.
589 1059 645 1120 aut
668 1055 751 1140 ipse,
779 1057 834 1140 qui
863 1061 971 1143 potes,
994 1058 1126 1123 ostende

109 1145 206 1211 nobis
228 1144 363 1210 Latinae
385 1144 516 1230 linguae
535 1143 810 1228 pulchritudinem
829 1167 865 1210 ac
883 1147 1128 1230 praestantiam:
1143 1167 1170 1208 ιο

111 1236 188 1300 doce
211 1256 285 1318 noa,
312 1232 390 1297 doce
418 1236 555 1316 ceteros,
579 1254 660 1317 quae
685 1233 729 1298 sit
756 1234 824 1299 eius
848 1235 1072 1320 adipiscendae
1095 1242 1129 1302 et

112 1323 325 1408 perfruendae
348 1321 430 1386 ratio
454 1320 602 1405 ineunda,
624 1326 694 1406 aut,
722 1322 749 1388 si
774 1345 856 1407 quos
879 1324 1045 1390 existimas
1067 1326 1129 1392 hoc

113 1411 276 1498 praeclare
294 1432 399 1496 posse,
419 1409 524 1474 excita
543 1432 597 1475 eos
616 1410 821 1495 liberalitate,
839 1413 913 1476 foue
932 1413 998 1477 tuis
1018 1415 1128 1498 copiis.
1153 1447 1156 1452 ·

112 1501 179 1567 noli
202 1500 271 1584 pati
294 1500 438 1564 animum
461 1520 572 1564 eorum
594 1499 655 1564 hac
679 1503 711 1562 et
733 1499 789 1563 illa
812 1521 888 1564 cura
911 1501 1060 1566 distrahi:
1086 1503 1129 1566 sit

111 1591 257 1656 intentus
275 1592 308 1652 et
326 1588 411 1652 fixus
429 1587 490 1652 hoc
509 1608 574 1652 uno
592 1587 627 1651 in
645 1587 751 1653 studio
774 1609 880 1672 neque
899 1587 1038 1653 abducat
1055 1612 1129 1655 eum
1143 1609 1171 1650 15

111 1679 152 1744 ab
177 1699 275 1762 opere
298 1675 515 1761 pulcherrimo
539 1697 575 1741 ac
592 1675 796 1741 nobilissimo
814 1676 1014 1741 humillimae
1032 1677 1128 1743 inter-

98 1768 189 1833 ‘dum
216 1766 263 1831 rei
286 1765 393 1850 turpis
417 1768 449 1829 et
473 1764 601 1830 sordida
623 1766 816 1850 procuratio
853 1765 899 1830 ita
922 1767 1129 1850 consequeris

112 1855 216 1939 facile,
235 1854 322 1938 quod
336 1853 395 1939 uis,
410 1853 609 1938 optimisque
623 1853 739 1919 studiis
758 1859 790 1919 et
809 1855 993 1939 posteritati
1012 1879 1130 1942 magna

113 1950 169 2010 tua
197 1965 270 2008 cum
296 1943 391 2007 laude
420 1942 574 2007 consules.
619 1939 692 2027 llla,
721 1965 802 2028 quae
831 1943 946 2009 scribis
976 1945 1014 2010 de
1041 1945 1131 2033 legu-

112 2034 184 2100 leiis
209 2031 404 2117 quibusdam
428 2031 462 2095 in
485 2052 593 2095 meum
615 2031 738 2096 librum
761 2033 800 2096 de
822 2032 977 2098 Romanis
999 2034 1130 2120 legibus
1143 2053 1171 2094 ao

114 2120 302 2188 detrahendi
335 2118 442 2185 studio
470 2119 711 2185 incurrentibus
742 2121 808 2208 legi
841 2122 932 2185 nullo
960 2144 1034 2186 cum
1067 2127 1129 2187 sto-

113 2211 236 2294 macho,
258 2230 318 2274 nec
340 2230 412 2273 sum
431 2208 567 2273 miratus
586 2231 605 2272 a
624 2209 773 2274 barbaris
789 2209 977 2274 hominibus
1001 2210 1129 2275 sordido

115 2299 253 2386 quodam
274 2297 456 2363 litterarum
480 2319 597 2384 genere
625 2297 762 2362 assuetis
785 2297 991 2384 elegantioris
1015 2297 1130 2362 doctri-

113 2411 172 2454 nae
197 2387 364 2452 scientiam
393 2390 425 2450 et
453 2385 545 2470 quasi
572 2385 735 2450 lautitiam
760 2386 921 2469 quandam
949 2386 1130 2452 studiorum

115 2475 285 2544 contemni.
320 2474 397 2542 Non
420 2474 527 2559 placet
550 2473 621 2538 istis
643 2496 734 2539 meus
752 2475 845 2562 liber,
868 2476 995 2562 magnis
1019 2476 1130 2540 uideli-
1143 2494 1171 2536 aa

117 2570 165 2632 cet
188 2565 277 2650 uiris,
302 2584 440 2648 quorum
459 2564 544 2628 fama
563 2563 691 2628 aedium
708 2563 846 2650 illarum,
868 2564 903 2629 in
927 2565 1047 2650 quibus
1066 2565 1130 2649 ipsi

116 2655 281 2736 habitant,
309 2652 423 2717 limina
444 2651 588 2717 nondum
612 2657 661 2716 est
685 2673 821 2739 egressa.
867 2657 901 2717 at
923 2654 1031 2738 placet
1053 2653 1131 2720 Vin-

114 2743 220 2809 centio
247 2741 451 2824 Portulacae‚
479 2740 569 2805 cuius
598 2744 646 2805 est
673 2741 708 2806 in
740 2741 821 2806 urbe
848 2741 961 2806 Brixia
992 2743 1130 2828 insignis

115 2831 299 2915 auctoritas,
321 2830 446 2894 illustre
465 2851 525 2913 per
546 2827 674 2893 Italiam
697 2851 828 2914 nomem
856 2829 963 2913 placet
985 2829 1129 2896 Antonio

114 2919 313 3008 Augustum,
345 2918 454 2983 Marco
484 2916 628 2983 Antonio
657 2917 793 3000 Nattae,
830 2917 941 2983 Laelio
971 2918 1129 3003 Taurello,
1143 2942 1173 2984 ao

114 3008 198 3075 Vide
216 3006 395 3091 Pancirolo,
418 3004 497 3071 iuris
521 3005 690 3090 utriusque
708 3006 842 3072 scientia
865 3006 968 3094 claris,
993 3029 1132 3092 quorum

114 3098 246 3164 nomina
269 3095 399 3180 scriptis
423 3093 563 3182 egregiis
586 3099 706 3161 testata
728 3095 833 3161 uirtus
857 3100 956 3181 atque
980 3120 1132 3182 expressa

115 3208 186 3252 cum
210 3184 400 3250 aeternitate
424 3183 607 3270 coniungat.
648 3184 708 3249 hos
732 3207 792 3271 ego
815 3207 960 3251 meorum
982 3186 1131 3250 laborum

115 3281 148 3340 et
171 3274 358 3362 uigiliarum
387 3273 570 3338 laudatores
598 3294 672 3338 cum
699 3273 809 3358 audio,
837 3273 924 3338 uiros
951 3295 1067 3359 graues
1097 3277 1130 3337 et

116 3367 219 3430 certos
247 3361 456 3446 omniumque
488 3360 721 3446 nobilissimos,
751 3362 882 3426 uoculas
915 3382 1028 3425 raucae
1064 3361 1130 3444 ple·
1143 3383 1172 3423 aa

115 3453 248 3519 beoniae
272 3455 456 3534 contemno,
485 3449 625 3534 quidque
648 3450 737 3514 leues
768 3453 801 3513 et
824 3447 952 3512 obscuri
984 3447 1130 3512 homines

116 3541 155 3606 de
182 3563 234 3606 me
263 3539 404 3604 sentiant
431 3543 487 3603 aut
514 3537 704 3621 loquantur,
734 3558 801 3600 non
831 3556 899 3598 esse
925 3534 1006 3598 mihi
1037 3536 1128 3599 ualde
