2578 3896
191 201 234 268 38
450 199 550 254 XVIII.
576 199 622 253 Ad
640 199 789 254 alfonsum
808 197 945 254 Gerasam.

189 365 374 430 nascuntur.
420 385 534 427 uerum
556 363 618 427 hoc
645 363 752 428 totum
775 385 866 427 secus
891 368 947 427 est.
994 359 1119 448 quippe
1142 387 1209 430 non

191 453 286 518 modo
309 453 350 516 ad
372 450 684 536 reprehendendum,
713 473 794 536 quae
823 450 1017 536 reprehendi
1039 451 1110 517 iure
1134 475 1207 537 pos-

191 545 280 625 sunt,
309 539 534 625 procliuiores,
564 561 662 624 quam
691 539 731 604 ad
760 539 968 625 laudandum,
999 562 1081 624 quae
1112 541 1209 606 laude

191 631 289 717 digna
311 633 401 713 sunt,
431 650 542 694 omnes
563 629 631 693 fere
655 650 765 693 sumus
792 651 852 693 nec
880 628 958 694 satis
987 650 1090 713 aequa
1116 630 1208 696 lance

167 723 290 804 sturpe
318 722 351 783 et
378 718 551 784 honestum
574 717 807 802 examinamus,
835 739 917 802 quae
945 717 1101 783 debemus
1125 721 1210 803 pari-

191 811 250 892 ter,
272 806 411 872 alterum
433 805 548 891 odisse,
570 804 708 871 alterum
731 805 874 893 diligere.
912 806 969 871 sed
992 807 1090 871 etiam
1111 829 1208 893 saepe

190 897 339 980 facimus,
366 899 404 959 ut
433 916 486 960 eas
514 917 565 960 res
591 916 707 980 easque
733 895 889 980 actiones,
917 917 1054 980 quarum
1078 917 1208 962 caussas

190 987 391 1073 ignoramus,
422 1005 567 1069 quaeque
595 988 681 1049 recte
711 1005 752 1048 ne
780 1005 822 1049 an
850 1006 941 1049 secus
968 984 1061 1070 fiant,
1092 985 1207 1050 diiudi-

190 1095 262 1140 care
298 1096 365 1139 non
398 1095 585 1159 possumus,
621 1094 807 1138 accusemus
843 1076 952 1138 tamen
988 1072 1208 1159 acerrimeque

151 1189 176 1227 10
189 1161 444 1246 uituperatione,
481 1182 562 1244 quae
595 1161 757 1226 interdum
789 1161 895 1226 efferri
927 1160 1079 1226 laudibus
1115 1184 1208 1247 opor·

190 1255 288 1334 teret,
312 1271 349 1314 ea
372 1248 597 1334 deprimamus.
642 1247 691 1314 Ae
713 1272 754 1314 ne
777 1271 829 1314 me
852 1253 963 1334 putes,
985 1248 1124 1315 Alfonse
1148 1250 1208 1316 ola·

190 1338 330 1425 rissime,
352 1337 449 1403 huius
472 1337 602 1403 initium
625 1339 782 1404 sermonis
804 1343 924 1403 temere
949 1336 1118 1426 detulisse,
1147 1362 1207 1426 ego

190 1449 288 1514 nune,
311 1427 339 1492 si
361 1427 478 1514 nescis,
501 1449 619 1513 meam,
642 1449 747 1492 meam
770 1427 863 1492 dico?
898 1427 996 1492 immo
1019 1449 1099 1493 uero
1124 1450 1207 1494 com·

189 1538 319 1582 munem
351 1516 521 1601 utriusque
552 1520 701 1581 nostrum
732 1537 878 1582 caussam
909 1539 980 1602 ago.
1030 1520 1088 1581 aut
1122 1518 1208 1583 enim

150 1610 325 1691 mulierque
355 1605 482 1692 agimus
511 1605 641 1692 egregie
669 1609 725 1670 aut
752 1609 889 1689 uterque
918 1604 1068 1670 similiter
1096 1628 1207 1690 pecea-

189 1717 269 1760 mus.
316 1693 407 1758 audis
439 1715 479 1758 ne
511 1699 549 1758 tu
579 1716 676 1759 uoces
708 1693 742 1758 in
773 1693 892 1759 latinae
925 1693 1055 1780 linguae
1087 1717 1208 1760 nomen

189 1783 407 1866 irrumpentes
429 1782 598 1847 hominum
621 1782 883 1869 obtrectantium,
908 1782 963 1867 qui
986 1782 1034 1847 rei
1057 1783 1208 1867 pulcher·

190 1871 290 1935 rimae
319 1869 487 1935 scientiam
515 1871 766 1956 reprehendant,
794 1871 850 1955 qui
877 1894 938 1937 nos
965 1870 1134 1937 derideant
1162 1873 1208 1936 lu-

191 1959 313 2042 dosque
335 1958 455 2023 faciant
474 1963 571 2044 atque
595 1959 701 2045 etiam,
725 1960 752 2024 si
776 1959 838 2024 diis
856 1961 972 2046 placet,
996 1959 1069 2025 odio
1090 1960 1209 2048 dignos

151 2075 178 2114 eo
192 2047 393 2133 existiment,
423 2047 510 2133 quod
538 2070 654 2132 operae
682 2052 810 2113 tantum
837 2070 874 2113 ac
901 2049 1059 2133 temporis
1087 2049 1123 2114 in
1146 2050 1209 2116 hoc

189 2142 258 2203 tam
279 2136 383 2202 nobili
407 2136 513 2202 studio
537 2137 751 2202 collocemus?
792 2142 830 2201 tu
852 2137 989 2203 fortasse
1014 2159 1082 2202 non
1105 2139 1208 2224 audis,

189 2230 279 2292 totus
315 2226 350 2291 in
380 2225 500 2291 litteris
532 2224 677 2311 abditus,
713 2225 889 2291 multorum
922 2247 941 2289 a
973 2229 1208 2293 consuetudine

189 2315 366 2399 seiunctus,
390 2318 459 2401 aut,
482 2314 509 2379 si
533 2314 638 2400 audis,
660 2315 814 2401 negligis,
838 2314 966 2401 opinor,
988 2315 1118 2402 magnis
1142 2339 1209 2382 non

189 2409 258 2467 tam
280 2403 439 2487 fortunae,
461 2402 496 2467 in
519 2425 583 2487 qua
601 2406 709 2468 tamen
732 2403 804 2487 ipsa
827 2403 966 2468 multum
988 2403 1083 2489 inest,
1108 2427 1208 2489 quam

150 2518 176 2559 as
190 2513 298 2555 rerum
322 2489 466 2556 omnium
492 2490 713 2556 laudabilibus
741 2491 911 2576 praesidiis
939 2491 979 2556 ad
1006 2493 1115 2557 omnia
1140 2517 1207 2559 mu-

189 2579 287 2644 nitus.
332 2599 384 2643 me
406 2599 498 2664 uero,
524 2578 657 2644 humilis
679 2580 843 2646 hominem
865 2580 941 2667 loci,
970 2580 1031 2646 hac
1053 2603 1120 2647 una
1144 2583 1208 2647 tibi

189 2666 328 2733 Romani
351 2667 507 2732 sermonis
531 2667 708 2751 cupiditate
729 2691 854 2755 parem,
877 2669 992 2735 ceteris
1015 2670 1116 2736 rebus
1142 2694 1207 2736 om-

189 2757 287 2823 nibus
310 2756 509 2843 inferiorem,
537 2756 600 2821 ista
627 2758 707 2844 fere,
736 2780 818 2842 quae
846 2757 967 2823 feriunt
990 2780 1084 2823 aures
1109 2782 1208 2845 meas,

188 2847 397 2913 uehementer
415 2848 628 2911 commouent.
660 2869 727 2911 non
746 2847 832 2930 quod
851 2869 897 2933 ea,
919 2847 1038 2932 quibus
1057 2852 1207 2932 utuntur,

150 2962 177 3002 co
190 2939 381 3021 argumenta
403 2936 495 3000 firma
518 2934 597 3021 sint,
621 2956 702 3020 quae
724 2935 891 3000 ostendam
915 2957 983 3002 esse
1007 2935 1126 3023 inania,
1150 2938 1208 3002 sed

191 3023 290 3109 quod,
317 3029 355 3087 ut
378 3045 448 3088 eam
472 3023 607 3108 quisque
630 3023 804 3111 uirginem,
833 3025 924 3089 cuius
947 3046 1055 3090 amore
1078 3026 1207 3112 flagret,

190 3112 345 3177 intactam
372 3111 413 3175 ab
438 3111 567 3198 iniuria,
600 3135 717 3197 puram
744 3114 786 3177 ab
816 3113 903 3179 omni
930 3111 1005 3178 labe
1032 3114 1129 3201 uelit,
1161 3116 1207 3180 sic

189 3223 250 3287 ego
275 3199 366 3286 quasi
389 3199 506 3264 lutosis
529 3202 663 3267 maculis
687 3202 873 3287 adspersam
896 3224 932 3267 ac
955 3202 1119 3268 foedatam
1143 3203 1207 3269 elo-

190 3289 368 3375 quentiam,
392 3310 489 3373 quam
513 3311 640 3374 semper
663 3291 843 3378 dilexerim,
866 3313 940 3356 cum
964 3313 1024 3377 ego
1048 3290 1206 3376 adspicio,

148 3379 338 3444 assensibus
374 3377 499 3443 intimis
536 3377 659 3443 afficior
694 3380 752 3466 sic,
787 3383 825 3444 ut
857 3381 941 3445 ferre
973 3401 1039 3444 non
1071 3381 1205 3465 possim.

190 3465 355 3536 Obiiciunt
391 3465 473 3531 illud
505 3465 659 3551 primum:
697 3473 855 3553 quatenus
892 3467 1015 3554 aliquid
1051 3470 1206 3556 cognosci

189 3555 307 3642 possit,
338 3561 471 3622 eatenus
499 3556 533 3620 in
557 3577 595 3620 eo
618 3556 838 3622 laborandum.
884 3556 1033 3621 Latinam
1056 3557 1207 3645 linguam
