2578 3896
189 197 232 261 62
439 195 564 250 XXVIII.
583 193 679 248 Marco
697 193 819 249 Antonio
833 194 959 251 Murato.

188 355 416 423 nonnullorum
424 355 560 509 ,scripta
583 355 670 439 apud
692 378 756 440 111,
780 377 916 439 quorum
935 360 1079 440 potestat
1065 356 1108 421 tis
1126 357 1212 422 haec

188 450 260 511 tota
283 445 366 510 ratio
390 449 438 510 111
438 466 529 530 ,per
547 443 667 508 multos
685 466 811 508 menses
835 444 996 509 custodita
1014 467 1119 530 neque
1141 445 1212 532 legi

189 556 308 628 neque
318 533 416 598 reddi
461 532 575 597 Mittas
598 532 700 619 igitur
717 533 840 597 librum
858 537 989 616 oportet
1008 534 1212 624 uniuersum,

189 617 316 689 meeum
338 626 447 687 autem
470 621 570 685 amice
593 643 670 708 ages
693 644 752 705 pro
761 644 821 775 tea,
840 627 996 723 quamtu
959 612 1111 687 tudooes
1130 645 1213 707 quo-

162 712 268 780 ttidie
287 711 459 796 praeclaris
479 710 646 796 exempIiS,
664 711 795 794 aequita
777 715 836 775 ate.
873 710 928 795 ita,
951 711 978 774 11
1003 711 1117 796 erraui,
1142 734 1212 776 non

190 801 278 866 luam
300 800 443 885 grauius,
466 821 562 883 quam
585 799 749 883 doben,
724 822 775 863 sm
794 821 883 863 error
906 821 924 862 a
947 822 998 864 me
1021 822 1088 865 non
1111 805 1175 886 est,
1195 823 1213 864 a

190 895 223 956 te
247 911 323 954 uero
347 888 433 952 aucti
455 887 532 953 libri
555 887 744 973 magnitudo
763 891 833 952 tota
852 888 980 972 pendet,
1002 888 1053 953 ius
1072 889 1213 953 tuebere

191 1001 250 1063 pro
274 982 331 1043 tuo
355 977 505 1042 instituto
530 981 562 1041 et
585 977 688 1041 amieo
712 976 809 1041 simul
831 976 986 1042 eonsules.
1009 976 1099 1041 Vale.
1123 976 1213 1061 [Aut
1276 991 1277 1060 j

191 1089 274 1132 anno
297 1064 452 1131 MDLVII
475 1069 619 1130 autnon
641 1065 745 1129 multo
768 1065 866 1158 ante]

153 1518 178 1558 ιο
624 1488 771 1555 XXVIII.

298 1635 341 1699 M.
364 1631 538 1699 Antonio
561 1632 714 1697 Mureto
737 1630 937 1696 Patauium
961 1640 1024 1713 (ΠΙ,
1039 1642 1094 1709 11).

282 1774 421 1840 Graecos
444 1780 542 1859 typos
565 1794 735 1858 meumque
764 1773 802 1838 de
825 1771 960 1857 Syriano
989 1773 1112 1840 edendo
1135 1797 1211 1841 oon·

194 1864 302 1930 silium
334 1863 467 1947 probari
503 1863 565 1928 tibi
601 1885 667 1927 non
698 1860 903 1927 mediocriter
934 1863 1106 1949 significas.
1164 1865 1210 1929 111

193 1957 343 2038 putaram
376 1957 409 2017 et
435 1953 539 2016 int
502 1975 523 2016 u
525 1956 639 2036 troque
666 1973 752 2015 nuno
783 1973 855 2015 mea
881 1955 952 2016 tum
980 1952 1105 2053 opinio,
1138 1956 1211 2018 tum

154 2065 180 2107 11
194 2042 345 2106 uoluntas
368 2045 401 2106 11
425 2042 635 2126 approbante,
659 2040 714 2123 qui
737 2039 817 2104 mihi
840 2039 1016 2104 multorum
1039 2040 1143 2105 instar
1168 2064 1212 2126 es,
1278 2101 1279 2132 ,

193 2130 298 2218 magis
321 2129 488 2217 magisque
512 2129 727 2194 confirmatur.
772 2128 822 2194 De
842 2126 900 2192 Cat
901 2128 960 2192 ussi
979 2128 1132 2214 clausula,
1155 2153 1212 2214 pa-

193 2243 266 2285 rum
289 2220 467 2305 commode,
494 2218 550 2283 sed
578 2217 661 2281 nihil
684 2216 810 2282 Mureto
834 2221 964 2300 petente
988 2218 1211 2284 recusandum.

192 2308 325 2374 Videot
310 2307 565 2392 tePropertium
581 2305 756 2392 negligere,
770 2327 843 2370 eum
862 2328 922 2392 ego
940 2328 992 2370 me
1010 2306 1076 2371 illis
1090 2308 1213 2393 uerbis,

195 2419 276 2481 quae
307 2401 382 2460 sunt
409 2397 445 2460 in
472 2395 578 2480 prima
606 2394 724 2459 Catulli
754 2394 882 2481 pagina,
913 2394 1004 2478 quasi
1033 2360 1213 2479 praedibus

155 2509 182 2549 ao
196 2484 440 2549 obstrinxerim:
477 2485 516 2549 ab
543 2485 645 2584 eodem
676 2487 800 2550 correcti
837 2484 1017 2566 11110ῐὶ11111
1049 2486 1213 2552 1111111111.

195 2573 305 2656 itaque
327 2593 387 2636 neo
409 2572 572 2656 integrum
590 2571 655 2635 iam
674 2575 787 2658 estet,
810 2572 838 2637 11
861 2571 912 2656 111,
935 2594 992 2637 our
1018 2577 1055 2638 tu
1079 2579 1213 2657 poetam

196 2661 377 2746 elegantem
403 2659 606 2743 maximeque
639 2660 782 2724 omnium
813 2660 987 2726 latinorum
1016 2661 1213 2728 fabellarum

195 2749 361 2834 uarietate,
379 2749 492 2814 hooest
510 2770 585 2813 uere
604 2749 732 2832 poetica
746 2749 924 2814 eruditione
942 2750 1111 2815 florentem
1132 2753 1213 2816 abii·

196 2839 284 2903 11111
319 2837 429 2902 Etiam
452 2838 545 2904 illud:
568 2836 691 2902 oblitus
714 2860 755 2902 ne
779 2861 813 2902 11
836 2837 865 2904 11
888 2842 921 2902 11
945 2841 1214 2906 commentarium

156 2947 182 2989 11
195 2926 326 3010 publice
341 2947 410 2991 esse
424 2926 628 3011 pollicitum?
652 2926 773 2992 scholia
787 2927 910 3013 saltem,
934 2927 960 2990 si
980 2929 1212 2994 commentario

194 3035 261 3077 non
283 3035 391 3099 uaeas,
415 3019 447 3079 et
469 3020 642 3099 utrumque
665 3016 828 3100 Torquato
856 3020 925 3099 aut,
953 3016 981 3080 si
1008 3016 1065 3080 uni
1088 3021 1213 3083 utrum·

196 3123 258 3186 que
280 3123 347 3166 non
369 3103 432 3188 1111,
459 3103 679 3189 Propertium,
708 3105 759 3168 cui
782 3103 954 3170 uidebitur.
1000 3104 1097 3188 inops
1125 3107 1213 3172 enim

196 3191 237 3254 ab
262 3190 372 3256 amieis
395 3213 461 3256 non
480 3214 522 3276 es,
545 3193 601 3258 sed
623 3192 733 3257 malim
756 3197 927 3278 utrumque
950 3191 1131 3277 Torquato,
1157 3197 1212 3280 qui

195 3280 401 3347 nobilitatem
425 3304 444 3344 a
466 3285 568 3366 patre,
591 3281 746 3347 uirtutem
769 3281 869 3347 habet
891 3305 910 3346 a
933 3303 967 3346 11
990 3281 1072 3365 ipso.
1114 3283 1213 3348 Dices

157 3390 184 3432 11
196 3368 259 3433 tibi
283 3369 386 3435 otium
405 3370 527 3435 deesse:
551 3370 578 3434 11
597 3370 658 3434 hoo
677 3370 827 3454 impedit,
849 3369 977 3454 faciam,
996 3374 1033 3437 ut
1056 3370 1212 3437 abundes.

198 3495 411 3506 ——....—-

177 3551 179 3558 '
287 3567 321 3618 26
343 3563 508 3636 ‘Torquato'
528 3562 644 3632 Bembo,
662 3562 738 3618 Petri
757 3563 858 3618 Bembi
876 3562 1035 3618 cardinalis
1054 3561 1123 3619 filio.
