2578 3896
440 245 474 304 Π.
502 249 613 305 Aniano
631 252 780 322 Burgonio.
1095 262 1116 326 3

99 408 298 474 diuturniori
321 410 450 475 silentio
478 415 586 478 tecum
613 418 732 497 uterer,
760 419 950 499 praesertim
978 425 1053 485 ate
1076 424 1115 487 ad

99 497 308 562 scribendum
326 499 556 566 humanissime
579 501 745 587 inuitatus,
767 507 883 588 putaui
901 509 980 572 mihi
998 511 1115 575 facien-

98 585 192 670 dum,
218 586 278 651 has
305 592 342 652 ut
369 588 409 651 ad
436 592 468 652 te
491 589 618 656 litteras
646 613 775 676 quoquo
799 595 893 659 modo
917 599 1114 664 conficerem.

97 673 138 738 In
164 675 282 759 quibus
305 676 386 740 illud
409 678 470 741 erit
492 679 647 765 primum,
675 681 761 764 quod
789 686 857 747 erat
884 707 987 768 prope
1012 691 1114 751 extre-

98 785 191 827 mum
212 764 247 827 in
270 765 348 850 tuis,
376 765 438 830 hoc
465 770 515 831 est
538 767 576 832 de
604 769 785 835 studiorum
811 793 957 837 meorum
979 775 1112 839 ratione.
1141 803 1154 843 5

98 873 183 934 quae
214 852 344 936 quidem
374 853 531 919 eiusmodi
562 861 624 942 est,
656 862 693 921 ut
724 880 794 923 eam
823 861 950 925 facilius
979 862 1049 946 ipse
1077 868 1113 928 tu

96 943 208 1005 tecum
241 942 383 1027 cogitare
414 944 534 1027 possis,
566 966 663 1029 quam
694 968 754 1032 ego
784 950 992 1031 perscribere.
1038 973 1113 1016 nam

97 1049 174 1093 cum
200 1029 333 1094 huiusce
360 1031 561 1118 prouinciae,
588 1035 629 1098 ad
657 1055 754 1118 quam
782 1058 842 1122 ego
870 1039 1004 1103 summis
1032 1040 1112 1104 uiris

96 1117 308 1183 hortantibus
336 1142 388 1184 me
419 1121 553 1207 contuli,
585 1126 735 1188 naturam
767 1128 799 1188 01
828 1125 987 1191 rationem
1017 1128 1111 1193 facile

96 1205 209 1271 uideas
232 1207 380 1291 idemque
404 1209 527 1293 optime
550 1210 728 1297 1110111303,
757 1234 854 1297 quam
876 1237 1027 1302 magnam
1049 1217 1152 1284 110010

94 1299 245 1379 tempore
268 1302 404 1381 propter
426 1299 614 1366 memoriam
641 1301 810 1366 clarissimi
837 1303 940 1386 patris
963 1310 1110 1389 expecta·

95 1385 220 1451 tionem
243 1386 432 1452 sustineam:
456 1389 586 1454 omnino
609 1393 704 1473 110103
727 1390 789 1455 tibi
813 1392 1004 1475 persuadere
1027 1394 1110 1458 hanc

94 1478 204 1564 ipsam
227 1499 334 1543 curam
357 1498 455 1542 unam
478 1500 561 1562 esse,
588 1478 622 1542 in
650 1500 713 1563 qua
740 1483 828 1544 10103
852 1480 919 1544 dies
943 1486 976 1545 et
998 1487 1110 1546 noctes

95 1567 275 1654 inuigilem.
315 1566 423 1652 Atque
447 1589 508 1654 ego
537 1570 658 1653 tamen,
685 1589 726 1631 ne
750 1589 877 1651 semper
899 1568 984 1633 idem
1007 1591 1110 1655 agam,

94 1657 220 1741 aliquid
247 1657 390 1743 quotidie
419 1657 597 1723 subseciuis
624 1657 714 1721 horis
741 1656 794 1721 uel
822 1656 927 1721 scribo
951 1657 1150 1744 1101103011

93 1746 214 1812 nudius
232 1747 348 1812 tertius
366 1747 533 1830 Euripidis
546 1746 693 1811 Medeam
712 1745 747 1810 in
764 1767 878 1811 manus
897 1768 1109 1830 sumpseram:

94 1857 170 1900 0000
192 1836 255 1900 tibi
279 1835 391 1901 statim
415 1835 524 1900 Cicero
549 1839 581 1900 et
605 1834 739 1900 Ouidius
762 1834 1031 1920 interpellatores,
1053 1836 1110 1899 ho-

92 1924 181 1989 nesti
200 1924 249 1988 illi
264 1924 402 2009 quidem,
421 1925 477 1988 sed
495 1924 755 2008 interpellatores
774 1927 883 1988 tamen
901 1928 934 1988 et
953 1947 971 1987 a
990 1924 1109 2009 quibus

92 2012 319 2096 imprimendis
343 2035 437 2099 aegre
456 2013 537 2077 mihi
557 2013 732 2097 quidquam
750 2013 842 2077 vacui
861 2013 1018 2097 temporis
1037 2034 1111 2077 con-

93 2102 235 2166 cedatur.
273 2099 394 2185 Ouidii,
423 2123 496 2166 cum
518 2101 597 2165 haec
620 2102 806 2183 scriberem,
829 2101 985 2165 Tristium
1006 2100 1110 2166 libros
1123 2125 1150 2164 10

94 2190 346 2274 excudebamus3
370 2189 533 2254 Ciceronis
551 2193 660 2254 autem
679 2189 898 2273 epistolarum,
921 2189 1109 2271 (1103131111-

92 2278 191 2342 liares
210 2278 386 2363 appellant,
406 2278 547 2363 quinque
565 2277 643 2342 libri
661 2277 726 2342 iam
745 2280 836 2341 erant
855 2274 1001 2339 confecti.
1028 2297 1109 2358 quae

93 2366 154 2431 ubi
177 2366 319 2450 primum
343 2371 436 2431 erunt
460 2366 638 2449 absolutae,
661 2365 745 2429 dabo
768 2386 819 2428 me
842 2363 1109 2450 recognoscendis

93 2455 144 2539 iis,
169 2477 249 2538 quae
273 2459 348 2519 sunt
366 2455 407 2518 ad
424 2453 571 2520 Atticum
592 2453 775 2538 inscriptae.
812 2451 900 2517 locos
923 2452 1108 2518 emendatos

91 2543 200 2608 habeo
237 2565 335 2627 supra
372 2543 423 2608 bis
459 2543 548 2607 mille
585 2547 618 2607 et
655 2541 851 2626 exemplaria
886 2541 1149 2609 uetustissimam

94 2635 251 2717 quattuor
270 2636 414 2715 expecto.
444 2631 575 2696 interim
589 2631 624 2696 in
639 2631 802 2696 Catullum
817 2652 944 2714 quaero,
963 2630 998 2693 in
1013 2653 1109 2715 quem

93 2721 175 2784 item
206 2720 312 2784 habeo
344 2743 410 2784 non
443 2742 558 2803 parum
589 2719 700 2785 multa.
752 2719 790 2782 de
820 2718 998 2783 Themistio
1030 2741 1108 2785 uero

94 2809 182 2893 quod
206 2808 286 2873 scire
309 2807 373 2893 uie,
397 2830 491 2891 spero
515 2808 598 2893 fore,
621 2812 658 2871 ut
681 2830 755 2872 eum
777 2805 856 2895 (nisi
878 2806 967 2871 Deus
990 2806 1108 2890 aliquis

93 2894 276 2982 obstiterit)
304 2901 441 2962 exeunte
469 2918 578 2961 mense
604 2896 715 2980 praelo
743 2895 862 2960 demus,
908 2894 1010 2959 habes
1035 2895 1109 2980 iam,

92 2985 169 3069 plus
193 2983 291 3049 etiam
313 2986 459 3069 fortasse,
482 3007 579 3069 quam
597 2985 789 3069 postidaras,
810 3005 877 3048 non
899 2983 994 3048 modo
1018 3007 1107 3067 prae·
1122 3010 1149 3050 10

93 3073 196 3138 sentis
219 3095 308 3138 meae
332 3074 419 3138 uitae
442 3074 610 3157 rationem,
636 3074 691 3137 sed
715 3072 813 3136 etiam
836 3073 963 3137 futurae
987 3072 1108 3138 diuina-

92 3162 224 3227 tionem.
266 3162 341 3227 Tibi
364 3162 553 3226 felicitatem
576 3162 686 3247 istam,
715 3161 760 3226 mi
782 3160 922 3246 Aniane,
952 3161 1108 3247 gratulor,

94 3250 150 3334 qui
173 3250 300 3314 assidue
323 3273 396 3316 cum
419 3250 624 3334 philosophis
652 3255 685 3314 et
713 3249 897 3314 oratoribus
925 3249 959 3314 in
982 3270 1105 3313 summo

94 3339 161 3403 otio
181 3338 281 3403 uiuas.
316 3362 413 3424 quam
431 3339 696 3404 consuetudinem
712 3360 754 3403 ne
773 3338 943 3421 desineres,
960 3336 1107 3400 hortarer

93 3449 155 3513 ego
178 3432 211 3491 te
239 3449 300 3511 pro
326 3432 439 3492 nostra
462 3427 685 3492 coniunctione
712 3449 837 3512 proque
866 3447 903 3489 ea
930 3424 1146 3507 uoluntatem

93 3537 190 3598 quam
214 3536 275 3601 ego
298 3515 363 3581 iam
391 3515 517 3599 pridem
540 3539 617 3602 erga
640 3519 673 3579 te
697 3515 833 3598 contuli,
860 3512 925 3576 nisi
949 3517 1036 3576 0110
1060 3513 1106 3575 ui-

93 3604 202 3668 derem
226 3607 282 3669 tua
305 3609 421 3688 sponte
445 3604 524 3669 satis
552 3604 721 3668 incitatum
749 3606 782 3666 et
805 3623 856 3665 me
880 3620 1106 3684 cognoscerem

857 3708 871 3754 1
879 3703 892 3730 ἦ
