2610 3890
509 206 565 263 XL.
581 206 645 262 'Pio
664 207 711 262 IV.
1076 207 1117 272 8¹1

104 377 217 438 rorum
258 368 388 454 scriptis
430 389 629 454 expressam,
669 369 741 453 ipsa
781 367 954 453 posteritas
990 369 1120 434 intuens

106 461 220 545 cupiat
243 457 373 524 imitari.
411 455 556 540 speciosa
574 457 637 521 ista
655 457 806 522 uidentur
829 462 861 522 et
885 462 960 523 sunt
980 458 1120 542 omnine,

106 550 165 617 sed
187 571 206 612 a
224 545 394 631 splendore
414 549 523 609 tamen
541 566 635 610 uerae
653 545 757 611 laudis
776 546 903 611 absunt.
940 568 1015 610 nam
1033 551 1120 611 recte

106 639 214 704 facere
235 657 302 700 non
325 633 442 718 exiis,
468 655 550 716 quae
573 639 825 721 consequuntur,
852 633 909 699 sed
931 633 1039 718 ipsum
1062 657 1121 718 per

105 749 141 792 se
166 722 371 809 sapientibus
394 721 473 786 uiris
503 722 642 787 amabile
669 722 806 787 uidetur.
852 723 908 806 qui
935 744 1009 787 oum
1031 721 1120 786 inno-
1147 745 1160 786 a

105 818 218 882 center
240 815 414 894 sancteque
437 809 563 894 uiuunt,
590 811 721 876 minime
744 811 793 875 illi
817 811 947 895 quidem
969 811 1008 874 de
1031 832 1120 894 prae-

106 903 182 969 miis
211 901 370 987 cogitant,
399 919 440 962 ne
468 899 616 982 probitas
642 899 838 965 mercenaria
865 899 1025 984 uideatur,
1055 903 1121 983 aut,

105 993 135 1058 si
159 990 320 1076 cogitant,
341 1009 408 1052 non
430 986 572 1052 adhaec
594 988 748 1071 humana,
774 1009 854 1071 quae
878 992 954 1052 sunt
976 987 1122 1052 locorum

107 1085 141 1146 et
177 1083 363 1161 temporum
395 1076 542 1161 angustis
574 1098 650 1140 sane
686 1076 833 1142 terminis
870 1075 1121 1159 circumscripta,

107 1167 219 1234 oculos
242 1163 432 1246 demittunt,
459 1164 516 1228 sed
538 1163 578 1228 ad
600 1164 657 1228 illa
679 1164 789 1230 diuina
812 1164 1025 1248 suspicientes
1047 1165 1120 1228 bea·
1136 1189 1161 1228 ro

105 1261 174 1322 tam
198 1252 478 1335 immortalemque
501 1252 603 1317 uitam
626 1258 659 1318 et
678 1258 835 1338 expetunt
854 1275 952 1319 unam
973 1257 1005 1318 et
1024 1274 1121 1318 unam

107 1343 323 1428 expetendam
351 1362 420 1404 esse
447 1363 637 1425 persuasum
664 1342 795 1407 habent.
840 1342 902 1408 hoc
929 1346 966 1406 tu
994 1363 1122 1426 semper

105 1432 296 1498 institutum
318 1429 480 1514 probasti,
503 1429 657 1512 probauit
678 1429 799 1495 Paulus
822 1430 877 1493 ille
899 1429 953 1493 ΙΠ.
978 1431 1122 1494 omnium

106 1520 309 1586 saeculorum
332 1517 486 1582 memoria
508 1516 731 1600 celebrandus,
760 1517 815 1600 qui
843 1516 882 1580 de
904 1517 1050 1581 humano
1069 1539 1122 1602 ge-

103 1631 182 1676 nere
206 1607 260 1673 uel
282 1607 344 1671 hoc
371 1605 577 1689 potissimum
603 1605 733 1670 nomine
761 1605 884 1689 optime
911 1604 1046 1669 meritus
1070 1626 1121 1668 ex·
1136 1627 1161 1669 15

105 1698 285 1781 istimatur,
313 1693 390 1778 quia
412 1693 446 1758 in
469 1716 527 1759 suo
550 1693 745 1759 Pontificatu
774 1693 894 1776 effecit,
921 1697 958 1757 ut
980 1697 1017 1758 tu
1040 1691 1122 1757 Pon-

105 1787 189 1852 tifex
214 1805 283 1850 esse
303 1803 423 1866 posses.
460 1783 641 1866 probarunt
659 1782 818 1865 hodieque
837 1782 979 1866 probant
998 1780 1123 1846 sodales

105 1875 233 1959 aliquot
268 1871 332 1953 tui,
369 1890 506 1955 quorum
542 1870 611 1955 alii,
646 1893 713 1936 non
749 1875 786 1935 ut
822 1870 921 1957 uulgo
958 1874 1123 1954 uocantur,

106 1961 244 2046 mortui,
276 1958 332 2024 sed
359 1962 396 2023 ut
424 1959 587 2043 sapientes
614 1959 747 2043 proprie
774 1959 965 2043 loquuntur,
993 1958 1123 2024 mortali

106 2052 177 2117 uita
199 2047 345 2130 liberati,
372 2068 458 2112 nunc
486 2047 608 2113 incolae
632 2048 711 2112 caeli
733 2047 868 2131 Deoque
891 2049 1035 2112 fruentes
1057 2069 1123 2112 non
1137 2072 1163 2111 eo

106 2145 184 2224 tam,
205 2137 281 2221 quia
298 2141 331 2200 te
350 2135 542 2200 Pontificem
562 2136 739 2218 intuentur,
757 2136 908 2222 gaudent,
932 2157 1028 2218 quam
1047 2135 1123 2218 quia

107 2230 271 2293 facturum
298 2246 336 2288 ea
358 2223 576 2310 prospiciunt,
604 2245 686 2308 quae
714 2228 790 2288 sunt
817 2215 942 2307 optimo
965 2222 1123 2286 Pontifice

107 2314 312 2402 dignissima3
342 2312 399 2376 alii
425 2333 516 2399 uero,
545 2312 687 2377 nondum
715 2333 790 2376 sane
818 2312 860 2375 ab
889 2310 949 2374 hac
977 2310 1123 2375 terrestri

107 2404 244 2470 materia
267 2401 397 2466 discreti
424 2406 480 2466 aut
503 2401 684 2485 simplicem
710 2404 859 2464 naturam
887 2399 1038 2485 assecuti,
1068 2399 1124 2464 sed

108 2493 154 2558 ita
177 2496 288 2574 tamen
314 2490 466 2554 interris
494 2493 743 2575 commoranteS,
770 2491 807 2554 ut
830 2488 977 2553 bonitate
1001 2487 1123 2573 simpli·
1137 2512 1164 2553 25

109 2603 160 2646 ces
191 2579 316 2644 animos
345 2579 499 2663 referant,
527 2601 594 2643 non
623 2577 751 2662 dubito,
782 2577 860 2662 quin
886 2577 950 2641 tibi
978 2582 1124 2643 nostram

108 2690 255 2735 caussam
278 2666 446 2732 unanimes
465 2666 688 2732 commendent
712 2670 744 2730 et
763 2688 801 2731 eo
820 2665 1004 2750 studiosius,
1028 2667 1123 2751 quod,

108 2764 140 2823 et
163 2757 228 2842 ipsi
250 2756 372 2821 alumni
394 2755 498 2821 nostri
521 2777 595 2821 cum
617 2754 692 2839 sint,
715 2755 821 2818 officio
839 2777 906 2818 non
928 2754 1034 2818 solum
1056 2753 1123 2818 lau-

109 2845 209 2910 debili
216 2895 225 2931 ,
248 2865 362 2909 uerum
384 2845 482 2910 etiam
505 2843 616 2908 debito
640 2843 824 2930 fungentur.
871 2841 950 2906 satis
977 2841 1042 2904 iam
1071 2862 1123 2904 ex·

108 2935 266 3021 agitatae,
305 2933 383 2997 satis
420 2932 566 3017 inopiam
603 2935 635 2996 et
671 2930 879 2996 solitudinem
916 2951 1044 3015 passae,
1081 2929 1122 2992 ab
1137 2954 1163 2995 eo

109 3023 261 3088 omnibus
291 3021 358 3086 fere
387 3020 596 3105 Principibus
627 3019 794 3106 neglectae
825 3018 989 3102 supplices
1020 3018 1061 3082 ad
1090 3022 1123 3084 te

109 3110 323 3197 confugimus.
361 3109 438 3192 quid
461 3108 632 3192 petentes?
665 3108 839 3173 honestum
862 3107 974 3174 otium.
1016 3129 1124 3192 aquo

107 3198 279 3284 petentes?
311 3221 330 3262 a
352 3197 411 3262 Pio
434 3197 600 3263 Pontifice.
645 3196 724 3261 Pius
746 3217 788 3260 ne
811 3196 866 3262 ille
889 3201 1009 3278 noster,
1032 3195 1123 3259 ouius

108 3289 251 3353 animum
275 3308 312 3351 ac
329 3290 471 3352 mentem
489 3285 710 3351 saluberrimis
733 3285 916 3369 praeceptis
936 3284 976 3347 ad
994 3303 1122 3347 omnem

107 3376 236 3442 laudem
259 3375 531 3440 conformauimus
558 3378 656 3458 atque
684 3373 881 3455 effinximus,
909 3371 960 3436 cui
987 3369 1122 3435 comites
1136 3393 1163 3434 as

107 3464 141 3530 in
164 3464 254 3530 omni
277 3467 383 3529 aetate
407 3468 504 3546 atque
534 3462 569 3526 in
592 3461 679 3527 omni
703 3463 833 3525 fortuna
855 3481 921 3523 non
944 3458 1049 3522 solum
1072 3459 1121 3522 iu-

108 3553 243 3640 cundae,
272 3551 328 3616 sed
355 3552 452 3616 etiam
475 3549 727 3634 perhonorificae
755 3547 888 3630 fuimus,
916 3545 972 3627 qui
1000 3549 1037 3608 ut
1059 3546 1121 3609 hoc
