2610 3890
414 165 509 221 XLVI.
532 165 662 222 Andreae
682 165 779 222 Siluio.
1061 167 1104 233 95

89 334 147 394 tua
175 327 237 392 etsi
266 326 406 394 delector
434 327 587 412 maxime,
614 331 736 413 tamen,
764 349 820 392 cur
843 332 929 413 utar,
956 333 1104 415 nonest,

89 439 164 482 cum
183 415 347 481 officinam
369 415 448 483 satis
466 415 575 500 amplo
595 420 628 480 et
646 416 846 502 pereleganti
863 415 960 482 huius
977 418 1105 503 generis

90 505 186 589 copia
208 504 335 590 magnis
358 503 423 568 iam
445 504 631 588 sumptibus
653 504 869 570 instruxerim.
907 504 970 569 tibi
988 509 1105 590 tamen,

89 593 169 678 quia
197 593 236 657 de
263 593 430 658 commodo
458 614 529 657 meo
557 596 614 657 tua
636 597 753 677 sponte
780 593 987 680 cogitamus,
1019 595 1105 678 quod

88 682 160 748 sine
184 701 309 746 summo
333 703 410 767 erga
432 703 483 746 me
506 703 614 746 amore
635 681 706 746 fieri
729 682 875 766 profecto
897 703 964 746 non
986 682 1145 766 potuita

89 791 193 854 aeque
217 769 333 853 debeo,
360 790 396 833 ac
425 769 453 834 si
479 791 548 834 rem
576 769 720 834 omnium
742 770 915 835 maximam
937 791 1009 834 meo
1032 792 1107 854 per-

88 857 269 924 necessario
292 857 823 942 temporetdetulisses.quods1
846 881 865 923 a
887 880 938 923 me
961 858 1052 942 paria
1070 881 1107 924 ac

89 946 196 1012 multo
220 945 317 1010 etiam
339 945 631 1030 praestantiorem
654 946 806 1011 omnibus
828 948 940 1032 rebus,
964 969 1043 1031 quas
1067 947 1106 1011 ad

90 1041 166 1100 tuae
189 1033 294 1099 laudis
316 1033 431 1118 tuique
454 1033 613 1098 commodi
636 1038 763 1117 partem
781 1034 922 1119 aliquam
944 1035 1106 1118 pertinere

90 1122 287 1210 intelligam,
313 1121 420 1187 studia
443 1127 476 1187 et
500 1121 607 1187 officia
629 1122 846 1207 exspectabis,
873 1125 1051 1207 numquam
1073 1128 1106 1188 tc
1121 1149 1147 1190 ro

90 1211 210 1276 fallam.
256 1215 355 1294 atque
376 1210 473 1276 huius
496 1210 626 1295 quidem
647 1215 765 1276 testem
786 1211 936 1295 promissi
960 1217 992 1279 et
1016 1212 1107 1297 quasi

90 1300 163 1366 loco
196 1299 348 1384 foederis,
380 1299 467 1383 quod
498 1320 517 1362 a
548 1321 599 1364 mc
632 1299 747 1365 uiolari
778 1322 956 1385 numquam
993 1301 1107 1385 patiar,

90 1389 176 1452 hanc
199 1409 268 1452 esse
291 1387 379 1471 apud
400 1393 432 1452 te
457 1387 628 1471 epistolam
650 1387 734 1452 uolo.
772 1387 942 1454 Camillum
964 1389 1107 1454 Palaeot-

91 1481 173 1562 tum,
197 1475 287 1541 cuius
312 1475 521 1540 excellentem
548 1475 781 1541 humanitatem
809 1476 1012 1541 coniunctam
1035 1477 1107 1560 pari

90 1565 196 1629 uirtut
182 1568 215 1628 te
233 1586 299 1628 non
317 1563 430 1629 dubito
455 1563 534 1647 quin
556 1563 718 1646 praeclare
742 1564 905 1649 cognitam
922 1564 1107 1646 habeas‚et
1074 1586 1148 1630 eu

91 1674 295 1718 communem
327 1652 478 1736 amicum,
509 1651 643 1738 dignum
669 1651 807 1716 Romulo
836 1655 969 1736 parente
935 1651 1107 1737 tefilium‚

91 1740 292 1825 Pompilium
323 1739 516 1806 Amasaeum
551 1744 698 1826 rogote
665 1739 854 1806 saltutcs
885 1739 966 1805 meis
998 1739 1108 1834 uerbis

92 1829 275 1915 diligenter.
320 1829 409 1894 Vale
436 1827 563 1894 Venct
543 1851 582 1893 ns
606 1827 781 1913 [mnam.

497 2058 710 2073 ——ss

547 2250 659 2315 XLVI.

265 2391 438 2456 Andreae
461 2390 585 2457 Siluio
608 2389 794 2456 Venetiae
824 2399 886 2470 (VI,
903 2399 935 2466 ι).
1123 2417 1148 2456 ao

184 2534 250 2600 Vix
274 2534 392 2619 credas,
414 2533 459 2597 mi
482 2532 578 2615 Silui,
606 2554 702 2617 quam
726 2554 822 2616 saepe
850 2532 884 2598 in
907 2531 1032 2619 magnis
1056 2555 1109 2598 oc-

96 2627 195 2708 cupat
181 2622 364 2688 itonibust
350 2628 466 2722 tangar
485 2621 641 2686 desiderio
660 2621 718 2686 tui
755 2643 821 2686 non
844 2621 930 2687 eninr
951 2626 1027 2686 tuae
1040 2643 1109 2687 sua·

96 2709 223 2795 uitatis,
245 2733 312 2775 non
334 2710 470 2812 ingenii,
499 2731 565 2774 non
588 2710 686 2774 etiam
709 2710 874 2793 pudoris
865 2710 1011 2796 lugeam,
1045 2732 1109 2793 quo

97 2795 270 2865 delectoi'
262 2821 296 2864 1n
316 2798 774 2899 primis,oxe1nplumfacile
797 2797 931 2880 reperio.
977 2817 1110 2861 moueor

97 2889 196 2953 etiam
219 2886 377 2971 promisso
397 2887 453 2951 illo
472 2890 529 2951 tuo
553 2885 829 2971 interpretationis
843 2884 1048 2968 Horatianae‚
1070 2885 1109 2948 de
1124 2909 1150 2949 a

98 2999 161 3062 qua
184 2981 218 3041 tc
241 2975 439 3041 absentem
430 2978 480 3039 mt
465 2973 592 3040 terdum
610 2975 779 3040 admonere
799 2994 941 3075 possum,
963 2995 1110 3058 praesen-

98 3070 165 3130 tem
195 3069 274 3148 quot
260 3063 339 3129 tidie
366 3063 565 3148 appellarem
592 3085 629 3128 ac
657 3063 747 3148 quasi
771 3061 916 3128 conuicio
941 3063 1111 3164 exigerem.

99 3154 172 3254 quis
196 3153 291 3238 enirn,
314 3152 371 3254 qui
394 3153 433 3217 de
456 3152 562 3235 poetis
580 3151 675 3216 modo
694 3151 835 3216 iudicare
854 3150 976 3236 aliquid
991 3151 1112 3251 possit,

99 3242 155 3306 uni
184 3241 268 3306 inter
294 3240 351 3305 111
327 3245 413 3306 t1nos
441 3262 551 3305 omnes
574 3239 711 3304 Horatio
739 3240 793 3304 uel
820 3240 965 3304 acumine
989 3236 1112 3337 ingenii

98 3331 151 3393 uel
176 3329 408 3394 sententiarum
430 3329 591 3416 grauitate
615 3329 756 3412 palmam
777 3350 844 3393 non
866 3326 1006 3391 tribuit?
1039 3325 1111 3408 quis
1125 3348 1151 3388 ao

98 3417 201 3504 igitur
227 3440 294 3482 non
320 3439 516 3505 magnopere
543 3422 672 3482 tuarum
702 3415 964 3481 lucubrationum
991 3414 1111 3498 cupidi-

98 3510 165 3572 tate
199 3506 291 3589 capia
292 3507 367 3572 tur?
404 3507 530 3570 dixeras
562 3504 692 3569 uellet
678 3508 710 3568 te
743 3503 863 3585 omnia,
894 3523 987 3585 quae
1006 3502 1061 3566 ifle
1094 3523 1112 3564 a
