2610 3890
524 195 580 252 m.
608 195 660 251 1²10
677 197 724 253 ιι.
1087 202 1131 269 85

109 356 269 426 laudibus
291 377 343 422 me
369 355 410 420 ad
437 356 560 422 eaelum
583 359 686 444 tollis,
715 359 843 444 parcius
870 365 1042 448 utrumque
1065 365 1131 430 uel-

112 447 193 513 lem
239 444 285 510 sio
309 444 394 510 enim
417 449 590 530 utrumque
613 447 751 514 fortasse
774 448 890 515 uerius.
936 472 998 538 ago
1021 457 1130 520 tamen

113 533 250 622 gratias,
274 533 361 617 quod
378 533 545 617 publicam
562 535 739 601 utilitatem
757 537 855 602 rebus
874 539 1027 605 omnibus
1043 546 1130 609 ante-

114 643 230 706 ponas.
277 641 373 706 quam
406 642 466 707 ago
497 624 760 690 consuetudinem
792 631 957 711 aooeptam
989 649 1009 691 a
1037 633 1129 712 patre

114 709 246 776 seruaui
268 731 339 775 mea
366 713 481 794 sponte
509 716 542 776 et
569 713 705 778 seruabo
733 714 870 798 posthae
892 719 949 781 tuo
973 714 1130 783 inuitatus
1156 739 1171 782 s

113 798 268 882 exemplo
292 797 487 884 diligentius.
534 798 583 865 De
605 800 759 885 nummis,
782 823 855 868 oum
878 802 1010 887 libebit,
1033 808 1130 889 atque

113 887 198 956 adeo
222 890 258 952 ut
280 885 418 952 lubebit.
463 888 571 974 urgeri
595 888 790 976 animuum,
814 891 944 975 quicum
966 891 1029 957 tibi
1052 914 1129 958 usus

115 974 306 1059 intercedat,
327 996 368 1040 ne
392 974 420 1039 si
437 974 508 1060 ipse
527 975 657 1061 quidem
674 977 765 1062 uelis,
788 979 881 1043 faoile
899 981 1130 1064 permitterem.

114 1063 296 1148 Dionysius
319 1063 429 1147 paullo
453 1063 569 1150 serius,
592 1087 689 1149 quam
707 1070 912 1153 putaueram,
934 1068 1129 1136 absoluetur.

115 1173 243 1221 moram
266 1151 377 1216 iniecit
401 1152 572 1221 commissa
599 1153 685 1219 inter
712 1155 876 1239 operarios
902 1155 973 1221 rixa
996 1158 1172 1223 absentem

115 1262 179 1310 me.
225 1261 330 1325 neque
356 1243 466 1306 tamen
492 1241 552 1307 hao
579 1242 659 1308 satis
684 1243 763 1328 leui,
792 1243 848 1309 sed
875 1243 948 1312 aliis
975 1245 1131 1312 adductus

116 1327 256 1412 caussis,
288 1349 370 1412 quae
399 1329 552 1413 ponderis
580 1330 678 1418 longe
709 1331 785 1416 plus
815 1333 996 1420 habebant,
1028 1357 1130 1419 paene

115 1420 227 1484 totum
250 1416 420 1482 eonsilium
442 1418 631 1484 abieceram.
667 1441 753 1484 nuno
775 1424 809 1484 te
832 1421 983 1487 hortante
1006 1443 1043 1486 ao
1065 1446 1131 1489 mo-

116 1509 218 1572 nente
248 1506 358 1590 etiam,
387 1510 424 1572 ut
453 1507 612 1591 oeleriter,
642 1507 721 1592 quid
750 1508 869 1592 agam?
914 1509 991 1593 quid
1013 1515 1131 1592 autem,

115 1593 184 1661 nisi
207 1595 293 1678 quod
319 1594 389 1678 ipse
413 1595 528 1679 cupis?
568 1595 655 1680 quod
681 1599 767 1660 oerte
793 1616 865 1660 maa
891 1617 1003 1661 oaussa
1030 1598 1131 1681 cupis.
1146 1619 1172 1660 rs

116 1682 244 1768 urgebo
274 1682 375 1768 igitur
403 1705 464 1768 pro
494 1683 581 1748 uirili
609 1705 669 1749 noo
700 1683 865 1768 impensae
895 1689 1045 1768 parcetur
1076 1689 1132 1762 aut

116 1769 234 1838 labori.
267 1769 317 1836 De
337 1769 502 1837 Gallorum
523 1794 600 1859 rege
619 1772 708 1838 dolui
727 1794 803 1838 sana
821 1773 966 1860 grauiter
988 1773 1131 1840 dolorem

117 1863 273 1926 uestrum.
319 1859 375 1925 sed
396 1861 537 1925 humana
559 1882 641 1944 quae
668 1865 757 1946 sunt,
785 1862 969 1928 humaniter
991 1862 1130 1929 ferenda.

116 1969 180 2017 neo
207 1947 302 2014 uobis
329 1947 493 2014 doetrinae
520 1949 660 2014 remedia
686 1971 746 2015 neo
773 1972 823 2037 ea,
852 1973 932 2036 quae
960 1956 1132 2017 sumuntur

117 2058 138 2101 a
168 2057 275 2102 rerum
306 2057 380 2120 usu,
412 2037 521 2102 deesse
551 2059 628 2122 poss
673 2041 695 2102 t.
741 2042 774 2103 et
806 2043 842 2104 tu
873 2039 954 2105 mihi
986 2040 1131 2105 miranda
1145 2061 1173 2101 so

117 2124 258 2192 narrasti
285 2124 324 2190 de
348 2125 525 2190 cardinalis
552 2126 674 2210 pietate
701 2127 736 2191 in
762 2126 876 2192 Deum.
922 2149 986 2211 quo
1014 2127 1069 2190 ille
1098 2149 1132 2191 se

118 2235 243 2297 uosque
267 2235 377 2280 omnes
401 2213 562 2298 praesidio
585 2215 738 2280 aduersus
757 2213 963 2299 iniquitatem
982 2215 1131 2279 fortunae

118 2301 283 2386 praeolare
315 2302 469 2368 tuebitur.
514 2302 604 2368 Vale.
649 2302 797 2368 Venetiis
828 2300 979 2384 [MDLlX
1010 2305 1132 2366 aestate

116 2394 257 2456 exeunte
280 2391 333 2456 uel
356 2396 527 2457 anetumno
551 2391 706 2475 ineunte]¹

522 2599 734 2606 —-———-·—

596 2762 661 2826 XL.
1149 2792 1175 2833 ao

117 2902 290 2987 Scripsit
311 2903 407 2969 hano
427 2902 651 2968 liberalium
669 2902 964 2987 disciplinarum
982 2900 1134 2967 nomine

304 3006 372 3073 Pio
395 3006 454 3073 IV.
491 3007 686 3074 Pontilioe
710 3012 838 3073 orosto
863 3015 907 3088 (V,
924 3015 956 3084 1).

212 3145 294 3214 (lum
317 3148 393 3232 tibi,
416 3148 568 3216 Pontifex
596 3149 733 3234 optime,
760 3150 801 3214 ad
823 3148 919 3215 istam
942 3148 1136 3236 (lignitatem

119 3258 227 3321 nuper
251 3236 407 3304 diuinitus
431 3237 529 3323 elato,
557 3260 621 3323 qua
644 3237 815 3304 sublimius
838 3241 894 3304 aut
917 3235 1134 3322 praestantius

120 3326 208 3390 inter
230 3325 379 3392 homines
405 3325 489 3394 nihil
512 3330 574 3412 est,
600 3326 752 3393 mortales
780 3347 877 3412 quom
904 3323 1049 3409 plurimi,
1077 3322 1133 3390 alii
1146 3354 1175 3398 so

213 3487 228 3536 1
247 3483 313 3554 post
338 3481 439 3538 ‘tollis'
465 3483 551 3538 antea
572 3482 734 3552 legebatur:
762 3497 820 3536 ιιοιι
842 3478 934 3549 magis
958 3495 1083 3536 amoram
1105 3479 1137 3534 in

120 3568 167 3608 me
185 3553 280 3624 tuum,
299 3569 384 3622 quam
402 3553 560 3610 docuinam
578 3569 651 3610 amo.
