2578 3896
173 215 220 278 24
505 209 580 266 XIII.
606 210 749 280 Stephano
769 207 873 263 Saulio.

177 399 248 442 esse
277 380 454 460 uersatum,
480 377 519 438 ut
545 395 643 437 unam
670 370 809 435 maxime
838 374 1016 454 spectarem
1045 369 1200 453 eloquen-

178 465 268 550 tiam,
290 486 388 528 unam
412 427 563 547 colerem,
584 482 683 525 unam
710 459 892 523 admirarer.
938 461 1036 542 atque
1057 457 1122 522 hoc
1144 481 1201 524 mc

178 517 286 618 studio
310 552 388 616 satis
415 574 487 616 mea
515 554 632 634 sponte
660 549 798 634 flagrant
800 569 850 611 em
883 547 987 611 acrius
1020 546 1199 612 inflamma-

176 641 308 706 bant''¹
277 664 309 726 ιι,
330 641 386 725 qui
405 644 476 704 tum
493 637 640 703 homines
658 637 825 721 uiucbant,
842 635 999 717 BembuS,
1018 633 1148 700 Sadolet
1134 640 1202 722 tus,

139 694 382 814 sBonamicus,
407 750 546 812 quorum
568 725 699 792 nomina
721 747 781 810 per
804 688 917 788 ‹irbem
939 685 1099 788 teriarum
1118 725 1200 789 cele·

176 820 270 883 brata
294 817 498 882 sermonibus
521 820 553 880 et
579 814 710 898 scriptis
733 812 898 899 exstingui
919 811 1010 876 nulla
1032 816 1200 877 uetustate

175 929 272 992 posse
300 906 533 1006 intelligebam
586 903 686 968 Polus
718 901 771 966 hic
797 906 872 966 nost
873 923 921 986 er,
955 900 1012 1002 qui
1043 921 1131 965 nunc
1163 901 1199 966 in

176 996 264 1060 omni
288 995 382 1059 laude
407 993 560 1077 omnique
583 991 707 1056 uirtute
726 994 837 1055 tantus
856 994 914 1076 est,
938 989 1004 1054 suis
1026 1011 1078 1054 me
1098 990 1200 1074 scrip·

177 1084 222 1148 tis
254 1083 404 1167 capiebat
432 1087 530 1166 atque
558 1080 723 1145 afficiebat
753 1079 902 1143 maxime.
948 1100 1010 1164 ego
1041 1081 1127 1164 tum,
1159 1085 1199 1142 ιιι

135 1195 164 1235 ιι
178 1175 247 1236 erat
270 1175 360 1235 aetas
381 1193 461 1255 mea,
485 1173 614 1253 praeter
630 1169 806 1233 uerborum
825 1171 858 1232 et
875 1166 1105 1232 nonnullarum
1129 1189 1201 1231 sen-

176 1259 353 1324 tentiarum
377 1261 564 1323 ornamenta
530 1256 674 1321 tnihil
701 1256 924 1343 agnoscebam
970 1277 1051 1339 pure
1079 1259 1112 1319 et
1098 1256 1200 1320 tele-

175 1352 256 1434 gant
258 1369 293 1411 er
242 1347 455 1430 tscribere
478 1350 538 1430 put
524 1347 635 1411 tabam
663 1367 731 1410 csse
755 1345 801 1430 id,
830 1344 918 1428 quod
940 1365 1040 1408 unum
1064 1344 1091 1408 si
1115 1365 1201 1410 asse-

178 1458 307 1521 querer,
340 1435 537 1500 excellerem.
589 1434 646 1499 sed
674 1433 894 1499 Rhambertus
926 1455 1031 1517 meus,
1066 1433 1124 1516 qui
1158 1455 1199 1498 ex

177 1488 331 1625 (iasparis
355 1523 437 1589 Cant
423 1524 536 1609 tareni,
563 1522 832 1608 praestantissimi
861 1521 938 1606 uiri,
965 1522 1200 1587 consuetudine

136 1613 384 1698 inprudentiam
411 1577 575 1697 hauserat,
607 1611 773 1696 praeclara
805 1574 962 1694 quaedain
991 1610 1173 1674 notabat
1164 1634 1199 1676 ιιι

174 1703 257 1768 Ροιο
280 1723 399 1785 meque
418 1702 528 1785 paullo
548 1705 654 1765 aetate
673 1699 867 1785 inferiorem,
890 1720 929 1762 ex
948 1698 1083 1785 uulgata
1102 1720 1199 1764 uena-

174 1791 257 1855 lium
283 1790 514 1876 magistrorum
542 1788 713 1872 disciplina
740 1788 914 1852 rudemt
880 1792 980 1871 atque
1007 1787 1200 1871 impolitum

175 1877 346 1943 erudiebat
360 1881 393 1941 ct
407 1878 629 1942 conformabat
615 1877 806 1964 texemplo.
847 1882 917 1941 tum
914 1875 1077 2029 tquidem,
1097 1898 1200 1960 quan-

174 1971 247 2031 tum
275 1967 480 2052 proficerem,
506 1987 572 2030 ιιοιι
599 1988 651 2030 me
679 1960 929 2049 paenitebatet
959 1987 999 2028 ex
1029 1964 1082 2049 iis,
1113 1987 1200 2049 quae

136 2078 166 2119 ao
179 2055 326 2139 ieceram,
349 2019 548 2119 fundanicnt
524 2059 567 2118 ιιι
585 2053 710 2137 aliquid
733 2053 903 2139 eiusmodi,
927 2053 1022 2136 quale
1045 2075 1107 2139 ego
1129 2054 1199 2119 uel-

173 2145 249 2231 lem,
273 2143 405 2208 excitari
429 2142 600 2227 aliquando
625 2164 720 2226 posse
743 2142 923 2206 uidebatur.
970 2141 1025 2206 sed
1043 2142 1078 2206 in
1096 2143 1200 2208 rebus

172 2233 324 2299 humanis
353 2232 427 2317 quis
455 2237 517 2317 est,
544 2231 595 2296 cui
622 2231 706 2295 nihil
741 2253 894 2315 umquam
926 2252 1017 2294 secus
1049 2231 1199 2297 accidat?

173 2344 248 2387 cum
270 2322 305 2387 in
323 2321 526 2406 eloquentiae
546 2320 652 2385 studio
671 2319 794 2385 multus
813 2341 916 2383 essem
933 2341 993 2384 nec
1011 2318 1090 2383 satis
1109 2321 1197 2385 uale-

176 2410 283 2474 tudini
311 2430 489 2494 parcerem,
515 2409 613 2473 incidi
642 2409 678 2473 in
704 2408 863 2473 morbum.
915 2407 971 2491 qui
1004 2429 1077 2472 cum
1110 2415 1198 2473 esset

132 2517 160 2560 aa
174 2520 234 2582 per
252 2519 286 2562 se
305 2497 423 2581 grauis,
445 2503 516 2561 tum
534 2519 572 2560 eo
590 2497 695 2561 factrrs
718 2501 767 2561 est
785 2496 1004 2582 periculosior,
1027 2497 1114 2580 quod
1132 2519 1198 2562 usu

174 2585 256 2650 mihi
282 2584 442 2648 librorum
469 2606 488 2647 a
520 2584 652 2648 medicis
682 2584 855 2650 interdicto
886 2607 1004 2671 magna
1036 2606 1112 2649 sane
1143 2592 1196 2651 est

173 2673 273 2738 animi
303 2672 367 2737 mei
395 2672 521 2738 affectio
554 2677 653 2756 atque
686 2673 854 2760 aegritudo
887 2678 1066 2738 consecuta.
1115 2681 1196 2758 post

174 2761 343 2827 biennium
367 2761 505 2844 denique
523 2761 708 2826 ualetudine
731 2767 933 2848 recuperata,
956 2784 1029 2826 cum
1052 2768 1198 2846 praeter-

173 2851 213 2916 ιιι
244 2850 402 2934 temporis
433 2850 589 2915 iacturam
626 2851 743 2916 sarcire
777 2851 913 2936 diligent
899 2851 945 2915 tia
983 2850 1114 2937 uellem,
1151 2854 1195 2916 ad

132 2960 161 3002 ιι
174 2939 258 3023 prist
258 2939 313 3004 ina
336 2939 442 3004 studia
464 2939 599 3005 redeunt
584 2943 650 3004 tem
679 2945 875 3039 exceperunt
903 2939 1096 3004 domesticae
1119 2962 1196 3006 con-

172 3027 364 3111 trouersiae,
393 3050 473 3112 quas
499 3049 605 3111 neque
628 3027 739 3093 sedare
768 3027 903 3093 minimo
929 3028 1064 3114 negotio
1086 3051 1198 3114 neque

171 3116 386 3202 negligere
361 3137 430 3180 sme
449 3115 541 3202 graui
559 3139 703 3181 mearum
722 3117 925 3182 fortunarum
944 3116 1044 3181 exitio
1062 3117 1198 3184 licebat

173 3205 225 3270 his
249 3226 377 3305 quoque
400 3226 451 3268 me
481 3204 729 3269 difficultatibus
751 3204 956 3306 aliquando
947 3229 984 3289 ιι,
1007 3205 1059 3271 cui
1083 3208 1199 3272 omnia

173 3294 287 3377 debeo,
310 3292 431 3376 eripuit
417 3292 551 3358 t.Deus
587 3293 739 3358 Lucem
730 3315 804 3377 ram,
827 3293 919 3378 quasi
943 3294 998 3358 diu
1022 3316 1082 3378 per
1104 3300 1196 3361 tene-

130 3401 160 3444 ιι
173 3384 250 3448 bras
273 3403 441 3467 errassem,
469 3381 604 3445 uidebar
631 3381 782 3464 aspicere.
829 3386 862 3446 et
889 3404 1086 3467 quamquam
1112 3385 1197 3450 mul-

174 3475 282 3536 torum
313 3493 470 3572 annorum
503 3469 620 3534 amisso
653 3471 762 3535 fructu
795 3475 864 3535 erat
896 3493 985 3554 sane,
1017 3494 1075 3537 cur
1104 3473 1197 3559 inge-

171 3559 341 3625 miscerem
359 3560 525 3647 uitamque
544 3558 624 3624 mihi
642 3559 797 3624 haudt
747 3563 797 3624 sat
798 3559 826 3624 is
845 3559 1093 3626 iucundamt
1031 3565 1093 3644 put
1094 3583 1197 3648 arem,
