<?xml version="1.0" encoding="UTF-8"?>
<!DOCTYPE html PUBLIC "-//W3C//DTD XHTML 1.0 Transitional//EN"
    "http://www.w3.org/TR/xhtml1/DTD/xhtml1-transitional.dtd">
<html xmlns="http://www.w3.org/1999/xhtml" xml:lang="en" lang="en">
 <head>
  <title>
</title>
<meta http-equiv="Content-Type" content="text/html;charset=utf-8" />
  <meta name='ocr-system' content='tesseract 3.04.00' />
  <meta name='ocr-capabilities' content='ocr_page ocr_carea ocr_par ocr_line ocrx_word'/>
</head>
<body>
  <div class='ocr_page' id='page_1' title='image "./epistulaeselect00fickgoog_0154.png"; bbox 0 0 2610 3890; ppageno 0'>
   <div class='ocr_carea' id='block_1_1' title="bbox 419 161 1131 232">
    <p class='ocr_par' dir='ltr' id='par_1_1' title="bbox 419 161 1131 232">
     <span class='ocr_line' id='line_1_1' title="bbox 419 161 1131 232; baseline 0.015 -10"><span class='ocrx_word' id='word_1_1' title='bbox 419 167 528 224; x_wconf 83' lang='lat' dir='ltr'>nxvn.</span> <span class='ocrx_word' id='word_1_2' title='bbox 554 166 701 224; x_wconf 58' lang='lat' dir='ltr'>auliano,</span> <span class='ocrx_word' id='word_1_3' title='bbox 714 167 840 224; x_wconf 65' lang='lat' dir='ltr'>saeuo.</span> <span class='ocrx_word' id='word_1_4' title='bbox 1069 161 1131 232; x_wconf 85' lang='lat'>141</span> 
     </span>
    </p>
   </div>
   <div class='ocr_carea' id='block_1_2' title="bbox 111 327 1284 3081">
    <p class='ocr_par' dir='ltr' id='par_1_2' title="bbox 111 327 1284 3081">
     <span class='ocr_line' id='line_1_2' title="bbox 118 327 1134 414; baseline 0 -17"><span class='ocrx_word' id='word_1_5' title='bbox 118 331 193 398; x_wconf 88' lang='lat' dir='ltr'>roni</span> <span class='ocrx_word' id='word_1_6' title='bbox 221 335 255 396; x_wconf 90' lang='lat' dir='ltr'>et</span> <span class='ocrx_word' id='word_1_7' title='bbox 278 327 419 396; x_wconf 75' lang='lat' dir='ltr'>Cornelii</span> <span class='ocrx_word' id='word_1_8' title='bbox 447 329 486 394; x_wconf 90' lang='lat' dir='ltr'>de</span> <span class='ocrx_word' id='word_1_9' title='bbox 513 329 633 394; x_wconf 87' lang='lat' dir='ltr'>uiatico</span> <span class='ocrx_word' id='word_1_10' title='bbox 660 329 741 394; x_wconf 92' lang='lat' dir='ltr'>mihi</span> <span class='ocrx_word' id='word_1_11' title='bbox 773 330 976 414; x_wconf 88' lang='lat' dir='ltr'>impetrando</span> <span class='ocrx_word' id='word_1_12' title='bbox 1009 353 1134 397; x_wconf 89' lang='lat' dir='ltr'>summa</span> 
     </span>
     <span class='ocr_line' id='line_1_3' title="bbox 119 416 1134 504; baseline -0.001 -18"><span class='ocrx_word' id='word_1_13' title='bbox 119 419 287 486; x_wconf 88' lang='lat' dir='ltr'>contentio</span> <span class='ocrx_word' id='word_1_14' title='bbox 325 416 500 504; x_wconf 83' lang='lat' dir='ltr'><strong>quidquam</strong></span> <span class='ocrx_word' id='word_1_15' title='bbox 532 418 720 504; x_wconf 75' lang='lat' dir='ltr'><strong>profecerit,</strong></span> <span class='ocrx_word' id='word_1_16' title='bbox 756 441 858 503; x_wconf 87' lang='lat' dir='ltr'>aeque</span> <span class='ocrx_word' id='word_1_17' title='bbox 893 423 1003 484; x_wconf 88' lang='lat' dir='ltr'>tamen</span> <span class='ocrx_word' id='word_1_18' title='bbox 1038 420 1134 486; x_wconf 90' lang='lat' dir='ltr'>uobis</span> 
     </span>
     <span class='ocr_line' id='line_1_4' title="bbox 118 507 1134 592; baseline 0 -18"><span class='ocrx_word' id='word_1_19' title='bbox 118 509 272 574; x_wconf 90' lang='lat' dir='ltr'>omnibus</span> <span class='ocrx_word' id='word_1_20' title='bbox 296 508 411 591; x_wconf 91' lang='lat' dir='ltr'>debeo,</span> <span class='ocrx_word' id='word_1_21' title='bbox 438 529 475 572; x_wconf 87' lang='lat' dir='ltr'>ac</span> <span class='ocrx_word' id='word_1_22' title='bbox 498 507 526 572; x_wconf 88' lang='lat' dir='ltr'>si</span> <span class='ocrx_word' id='word_1_23' title='bbox 549 508 739 591; x_wconf 84' lang='lat' dir='ltr'>profecisset</span> <span class='ocrx_word' id='word_1_24' title='bbox 762 507 947 592; x_wconf 87' lang='lat' dir='ltr'>plurimum.</span> <span class='ocrx_word' id='word_1_25' title='bbox 976 513 1025 573; x_wconf 89' lang='lat' dir='ltr'>est</span> <span class='ocrx_word' id='word_1_26' title='bbox 1048 508 1134 574; x_wconf 86' lang='lat' dir='ltr'>enirn</span> 
     </span>
     <span class='ocr_line' id='line_1_5' title="bbox 117 593 1282 681; baseline -0.002 -18"><span class='ocrx_word' id='word_1_27' title='bbox 117 597 220 663; x_wconf 91' lang='lat' dir='ltr'>animi</span> <span class='ocrx_word' id='word_1_28' title='bbox 242 593 422 662; x_wconf 82' lang='lat' dir='ltr'>lib&#39;ereliter</span> <span class='ocrx_word' id='word_1_29' title='bbox 444 595 587 660; x_wconf 83' lang='lat' dir='ltr'>instituti</span> <span class='ocrx_word' id='word_1_30' title='bbox 614 600 761 681; x_wconf 88' lang='lat' dir='ltr'>spectare</span> <span class='ocrx_word' id='word_1_31' title='bbox 787 596 990 661; x_wconf 87' lang='lat' dir='ltr'>uoluntatem</span> <span class='ocrx_word' id='word_1_32' title='bbox 1013 596 1048 662; x_wconf 92' lang='lat' dir='ltr'>in</span> <span class='ocrx_word' id='word_1_33' title='bbox 1070 597 1135 681; x_wconf 92' lang='lat' dir='ltr'>pri-</span> <span class='ocrx_word' id='word_1_34' title='bbox 1281 661 1282 670; x_wconf 65' lang='grc'>,</span> 
     </span>
     <span class='ocr_line' id='line_1_6' title="bbox 115 683 1283 772; baseline -0.001 -21"><span class='ocrx_word' id='word_1_35' title='bbox 115 687 190 772; x_wconf 83' lang='lat' dir='ltr'>mis,</span> <span class='ocrx_word' id='word_1_36' title='bbox 213 685 345 750; x_wconf 89' lang='lat' dir='ltr'>minime</span> <span class='ocrx_word' id='word_1_37' title='bbox 369 683 499 769; x_wconf 91' lang='lat' dir='ltr'>quidem</span> <span class='ocrx_word' id='word_1_38' title='bbox 522 707 591 749; x_wconf 91' lang='lat' dir='ltr'>rem</span> <span class='ocrx_word' id='word_1_39' title='bbox 609 689 823 770; x_wconf 81' lang='lat' dir='ltr'>contemnere,</span> <span class='ocrx_word' id='word_1_40' title='bbox 845 685 1007 769; x_wconf 88' lang='lat' dir='ltr'>potiorem</span> <span class='ocrx_word' id='word_1_41' title='bbox 1024 689 1135 750; x_wconf 88' lang='lat' dir='ltr'>tamen</span> <span class='ocrx_word' id='word_1_42' title='bbox 1160 709 1174 750; x_wconf 83' lang='lat' dir='ltr'>s</span> <span class='ocrx_word' id='word_1_43' title='bbox 1282 709 1283 732; x_wconf 62' lang='lat'><strong>³</strong></span> 
     </span>
     <span class='ocr_line' id='line_1_7' title="bbox 114 773 1284 860; baseline 0 -21"><span class='ocrx_word' id='word_1_44' title='bbox 114 776 191 860; x_wconf 89' lang='lat' dir='ltr'>ipsa</span> <span class='ocrx_word' id='word_1_45' title='bbox 213 797 248 839; x_wconf 93' lang='lat' dir='ltr'>re</span> <span class='ocrx_word' id='word_1_46' title='bbox 271 774 474 840; x_wconf 88' lang='lat' dir='ltr'>uoluntatem</span> <span class='ocrx_word' id='word_1_47' title='bbox 496 773 619 838; x_wconf 90' lang='lat' dir='ltr'>ducere.</span> <span class='ocrx_word' id='word_1_48' title='bbox 657 795 733 839; x_wconf 88' lang='lat' dir='ltr'>sane</span> <span class='ocrx_word' id='word_1_49' title='bbox 756 774 873 858; x_wconf 90' lang='lat' dir='ltr'>optimi</span> <span class='ocrx_word' id='word_1_50' title='bbox 894 773 1063 839; x_wconf 76' lang='lat' dir='ltr'>Pontificio</span> <span class='ocrx_word' id='word_1_51' title='bbox 1081 797 1136 839; x_wconf 88' lang='lat' dir='ltr'>an-</span> <span class='ocrx_word' id='word_1_52' title='bbox 1283 777 1284 786; x_wconf 77' lang='grc'>’</span> 
     </span>
     <span class='ocr_line' id='line_1_8' title="bbox 115 861 1136 950; baseline -0.001 -21"><span class='ocrx_word' id='word_1_53' title='bbox 115 863 245 950; x_wconf 78' lang='lat' dir='ltr'>gestias</span> <span class='ocrx_word' id='word_1_54' title='bbox 270 867 456 947; x_wconf 89' lang='lat' dir='ltr'>temporum</span> <span class='ocrx_word' id='word_1_55' title='bbox 479 861 652 928; x_wconf 87' lang='lat' dir='ltr'>difficultas</span> <span class='ocrx_word' id='word_1_56' title='bbox 676 867 820 929; x_wconf 84' lang='lat' dir='ltr'>excusat:</span> <span class='ocrx_word' id='word_1_57' title='bbox 841 865 1066 928; x_wconf 82' lang='lat' dir='ltr'>uerumtamen</span> <span class='ocrx_word' id='word_1_58' title='bbox 1088 863 1136 928; x_wconf 90' lang='lat' dir='ltr'>in·</span> 
     </span>
     <span class='ocr_line' id='line_1_9' title="bbox 115 951 1134 1039; baseline 0.001 -22"><span class='ocrx_word' id='word_1_59' title='bbox 115 951 322 1039; x_wconf 78' lang='lat' dir='ltr'>grauescenti</span> <span class='ocrx_word' id='word_1_60' title='bbox 349 951 514 1017; x_wconf 87' lang='lat' dir='ltr'>hominem</span> <span class='ocrx_word' id='word_1_61' title='bbox 541 955 647 1016; x_wconf 86' lang='lat' dir='ltr'>aetate</span> <span class='ocrx_word' id='word_1_62' title='bbox 674 972 741 1016; x_wconf 90' lang='lat' dir='ltr'>non</span> <span class='ocrx_word' id='word_1_63' title='bbox 772 951 878 1018; x_wconf 90' lang='lat' dir='ltr'>solum</span> <span class='ocrx_word' id='word_1_64' title='bbox 905 951 1046 1037; x_wconf 88' lang='lat' dir='ltr'>infirma,</span> <span class='ocrx_word' id='word_1_65' title='bbox 1078 953 1134 1018; x_wconf 88' lang='lat' dir='ltr'>sed</span> 
     </span>
     <span class='ocr_line' id='line_1_10' title="bbox 114 1039 1133 1128; baseline 0.001 -22"><span class='ocrx_word' id='word_1_66' title='bbox 114 1041 217 1106; x_wconf 90' lang='lat' dir='ltr'>etiam</span> <span class='ocrx_word' id='word_1_67' title='bbox 249 1062 346 1128; x_wconf 79' lang='lat' dir='ltr'>aegra</span> <span class='ocrx_word' id='word_1_68' title='bbox 377 1039 574 1126; x_wconf 87' lang='lat' dir='ltr'>ualetudine,</span> <span class='ocrx_word' id='word_1_69' title='bbox 606 1039 801 1125; x_wconf 89' lang='lat' dir='ltr'>imparatum</span> <span class='ocrx_word' id='word_1_70' title='bbox 832 1062 851 1104; x_wconf 90' lang='lat' dir='ltr'>a</span> <span class='ocrx_word' id='word_1_71' title='bbox 882 1061 917 1106; x_wconf 92' lang='lat' dir='ltr'>re</span> <span class='ocrx_word' id='word_1_72' title='bbox 950 1041 1133 1127; x_wconf 90' lang='lat' dir='ltr'>domestica,</span> 
     </span>
     <span class='ocr_line' id='line_1_11' title="bbox 115 1129 1173 1213; baseline 0 -17"><span class='ocrx_word' id='word_1_73' title='bbox 115 1151 192 1196; x_wconf 87' lang='lat' dir='ltr'>oum</span> <span class='ocrx_word' id='word_1_74' title='bbox 215 1129 283 1194; x_wconf 86' lang='lat' dir='ltr'>fllia</span> <span class='ocrx_word' id='word_1_75' title='bbox 304 1129 411 1194; x_wconf 90' lang='lat' dir='ltr'>nubili</span> <span class='ocrx_word' id='word_1_76' title='bbox 439 1129 481 1194; x_wconf 89' lang='lat' dir='ltr'>ab</span> <span class='ocrx_word' id='word_1_77' title='bbox 510 1129 592 1193; x_wconf 89' lang='lat' dir='ltr'>urbe</span> <span class='ocrx_word' id='word_1_78' title='bbox 614 1129 732 1213; x_wconf 87' lang='lat' dir='ltr'>Roma,</span> <span class='ocrx_word' id='word_1_79' title='bbox 759 1129 851 1194; x_wconf 86' lang='lat' dir='ltr'>cuius</span> <span class='ocrx_word' id='word_1_80' title='bbox 878 1151 997 1195; x_wconf 89' lang='lat' dir='ltr'>nomen</span> <span class='ocrx_word' id='word_1_81' title='bbox 1025 1131 1132 1196; x_wconf 89' lang='lat' dir='ltr'>omnia</span> <span class='ocrx_word' id='word_1_82' title='bbox 1147 1155 1173 1196; x_wconf 80' lang='grc' dir='ltr'>ιο</span> 
     </span>
     <span class='ocr_line' id='line_1_12' title="bbox 114 1217 1133 1305; baseline 0 -21"><span class='ocrx_word' id='word_1_83' title='bbox 114 1217 304 1305; x_wconf 90' lang='lat' dir='ltr'>pollicetur,</span> <span class='ocrx_word' id='word_1_84' title='bbox 332 1222 409 1302; x_wconf 89' lang='lat' dir='ltr'>post</span> <span class='ocrx_word' id='word_1_85' title='bbox 436 1217 546 1282; x_wconf 89' lang='lat' dir='ltr'>decem</span> <span class='ocrx_word' id='word_1_86' title='bbox 568 1239 726 1283; x_wconf 90' lang='lat' dir='ltr'>annorum</span> <span class='ocrx_word' id='word_1_87' title='bbox 753 1217 882 1284; x_wconf 85' lang='lat' dir='ltr'>labores</span> <span class='ocrx_word' id='word_1_88' title='bbox 906 1219 972 1284; x_wconf 86' lang='lat' dir='ltr'>suis</span> <span class='ocrx_word' id='word_1_89' title='bbox 995 1220 1133 1303; x_wconf 88' lang='lat' dir='ltr'>sumpti-</span> 
     </span>
     <span class='ocr_line' id='line_1_13' title="bbox 115 1306 1133 1394; baseline 0.002 -22"><span class='ocrx_word' id='word_1_90' title='bbox 115 1309 180 1374; x_wconf 85' lang='lat' dir='ltr'>bus</span> <span class='ocrx_word' id='word_1_91' title='bbox 209 1307 244 1372; x_wconf 92' lang='lat' dir='ltr'>in</span> <span class='ocrx_word' id='word_1_92' title='bbox 272 1306 411 1391; x_wconf 88' lang='lat' dir='ltr'>patriam</span> <span class='ocrx_word' id='word_1_93' title='bbox 437 1306 542 1371; x_wconf 92' lang='lat' dir='ltr'>redire</span> <span class='ocrx_word' id='word_1_94' title='bbox 574 1307 615 1371; x_wconf 90' lang='lat' dir='ltr'>iis</span> <span class='ocrx_word' id='word_1_95' title='bbox 647 1308 799 1394; x_wconf 83' lang='lat' dir='ltr'>fortasse,</span> <span class='ocrx_word' id='word_1_96' title='bbox 831 1308 888 1392; x_wconf 93' lang='lat' dir='ltr'>qui</span> <span class='ocrx_word' id='word_1_97' title='bbox 919 1307 998 1372; x_wconf 91' lang='lat' dir='ltr'>haec</span> <span class='ocrx_word' id='word_1_98' title='bbox 1028 1308 1133 1374; x_wconf 90' lang='lat' dir='ltr'>solent</span> 
     </span>
     <span class='ocr_line' id='line_1_14' title="bbox 115 1395 1133 1481; baseline 0 -19"><span class='ocrx_word' id='word_1_99' title='bbox 115 1397 382 1478; x_wconf 87' lang='lat' dir='ltr'>animaduertere,</span> <span class='ocrx_word' id='word_1_100' title='bbox 396 1395 641 1460; x_wconf 75' lang='lat' dir='ltr'>admirationem</span> <span class='ocrx_word' id='word_1_101' title='bbox 655 1395 797 1479; x_wconf 88' lang='lat' dir='ltr'>aliquam</span> <span class='ocrx_word' id='word_1_102' title='bbox 810 1395 924 1479; x_wconf 82' lang='lat' dir='ltr'>pariet.</span> <span class='ocrx_word' id='word_1_103' title='bbox 964 1396 1011 1462; x_wconf 83' lang='lat' dir='ltr'>Et</span> <span class='ocrx_word' id='word_1_104' title='bbox 1025 1418 1133 1481; x_wconf 89' lang='lat' dir='ltr'>quam-</span> 
     </span>
     <span class='ocr_line' id='line_1_15' title="bbox 117 1483 1132 1571; baseline 0 -21"><span class='ocrx_word' id='word_1_105' title='bbox 117 1505 216 1570; x_wconf 87' lang='lat' dir='ltr'>quam</span> <span class='ocrx_word' id='word_1_106' title='bbox 239 1507 292 1571; x_wconf 85' lang='lat' dir='ltr'>aa,</span> <span class='ocrx_word' id='word_1_107' title='bbox 320 1506 401 1570; x_wconf 90' lang='lat' dir='ltr'>quae</span> <span class='ocrx_word' id='word_1_108' title='bbox 429 1483 526 1549; x_wconf 86' lang='lat' dir='ltr'>bonis</span> <span class='ocrx_word' id='word_1_109' title='bbox 548 1483 675 1548; x_wconf 87' lang='lat' dir='ltr'>artibus</span> <span class='ocrx_word' id='word_1_110' title='bbox 697 1484 870 1568; x_wconf 73' lang='lat' dir='ltr'>debentur,</span> <span class='ocrx_word' id='word_1_111' title='bbox 901 1484 985 1548; x_wconf 89' lang='lat' dir='ltr'>ratio</span> <span class='ocrx_word' id='word_1_112' title='bbox 1008 1488 1132 1569; x_wconf 87' lang='lat' dir='ltr'>tempo-</span> 
     </span>
     <span class='ocr_line' id='line_1_16' title="bbox 114 1572 1173 1658; baseline -0.003 -19"><span class='ocrx_word' id='word_1_113' title='bbox 114 1595 190 1639; x_wconf 88' lang='lat' dir='ltr'>rum</span> <span class='ocrx_word' id='word_1_114' title='bbox 216 1574 387 1658; x_wconf 85' lang='lat' dir='ltr'>impediat,</span> <span class='ocrx_word' id='word_1_115' title='bbox 416 1577 453 1637; x_wconf 91' lang='lat' dir='ltr'>ut</span> <span class='ocrx_word' id='word_1_116' title='bbox 486 1572 584 1638; x_wconf 86' lang='lat' dir='ltr'>etiarn</span> <span class='ocrx_word' id='word_1_117' title='bbox 614 1572 916 1638; x_wconf 85' lang='lat' dir='ltr'>liberalissimorum</span> <span class='ocrx_word' id='word_1_118' title='bbox 942 1572 1132 1657; x_wconf 84' lang='lat' dir='ltr'>Principum</span> <span class='ocrx_word' id='word_1_119' title='bbox 1148 1595 1173 1636; x_wconf 75' lang='lat' dir='ltr'>a</span> 
     </span>
     <span class='ocr_line' id='line_1_17' title="bbox 115 1659 1133 1746; baseline -0.002 -18"><span class='ocrx_word' id='word_1_120' title='bbox 115 1663 269 1728; x_wconf 87' lang='lat' dir='ltr'>uoluntas</span> <span class='ocrx_word' id='word_1_121' title='bbox 300 1659 335 1727; x_wconf 86' lang='lat' dir='ltr'>in</span> <span class='ocrx_word' id='word_1_122' title='bbox 367 1661 492 1746; x_wconf 89' lang='lat' dir='ltr'>optimo</span> <span class='ocrx_word' id='word_1_123' title='bbox 526 1662 608 1726; x_wconf 89' lang='lat' dir='ltr'>bene</span> <span class='ocrx_word' id='word_1_124' title='bbox 641 1662 784 1726; x_wconf 90' lang='lat' dir='ltr'>merendi</span> <span class='ocrx_word' id='word_1_125' title='bbox 816 1683 911 1726; x_wconf 85' lang='lat' dir='ltr'>cursu</span> <span class='ocrx_word' id='word_1_126' title='bbox 942 1662 1133 1746; x_wconf 74' lang='lat' dir='ltr'>retardetur,</span> 
     </span>
     <span class='ocr_line' id='line_1_18' title="bbox 115 1749 1132 1834; baseline -0.001 -17"><span class='ocrx_word' id='word_1_127' title='bbox 115 1773 168 1818; x_wconf 91' lang='lat' dir='ltr'>me</span> <span class='ocrx_word' id='word_1_128' title='bbox 191 1756 301 1817; x_wconf 87' lang='lat' dir='ltr'>tamen</span> <span class='ocrx_word' id='word_1_129' title='bbox 324 1749 484 1816; x_wconf 88' lang='lat' dir='ltr'>alitteris</span> <span class='ocrx_word' id='word_1_130' title='bbox 510 1749 600 1815; x_wconf 92' lang='lat' dir='ltr'>nulla</span> <span class='ocrx_word' id='word_1_131' title='bbox 621 1772 674 1816; x_wconf 86' lang='lat' dir='ltr'>res</span> <span class='ocrx_word' id='word_1_132' title='bbox 696 1751 852 1834; x_wconf 87' lang='lat' dir='ltr'>abducet,</span> <span class='ocrx_word' id='word_1_133' title='bbox 879 1750 907 1814; x_wconf 87' lang='lat' dir='ltr'>si</span> <span class='ocrx_word' id='word_1_134' title='bbox 930 1749 1026 1816; x_wconf 91' lang='lat' dir='ltr'>modo</span> <span class='ocrx_word' id='word_1_135' title='bbox 1050 1773 1132 1816; x_wconf 81' lang='lat' dir='ltr'>asse</span> 
     </span>
     <span class='ocr_line' id='line_1_19' title="bbox 114 1839 1132 1928; baseline 0 -22"><span class='ocrx_word' id='word_1_136' title='bbox 114 1841 172 1925; x_wconf 92' lang='lat' dir='ltr'>qui</span> <span class='ocrx_word' id='word_1_137' title='bbox 197 1840 300 1906; x_wconf 92' lang='lat' dir='ltr'>otium</span> <span class='ocrx_word' id='word_1_138' title='bbox 322 1839 444 1905; x_wconf 89' lang='lat' dir='ltr'>licebit.</span> <span class='ocrx_word' id='word_1_139' title='bbox 490 1839 570 1904; x_wconf 85' lang='lat' dir='ltr'>satis</span> <span class='ocrx_word' id='word_1_140' title='bbox 596 1861 670 1905; x_wconf 86' lang='lat' dir='ltr'>curn</span> <span class='ocrx_word' id='word_1_141' title='bbox 697 1840 798 1928; x_wconf 83' lang='lat' dir='ltr'>uulgo</span> <span class='ocrx_word' id='word_1_142' title='bbox 825 1839 1038 1906; x_wconf 88' lang='lat' dir='ltr'>insaniuimus</span> <span class='ocrx_word' id='word_1_143' title='bbox 1067 1862 1132 1906; x_wconf 89' lang='lat' dir='ltr'>am·</span> 
     </span>
     <span class='ocr_line' id='line_1_20' title="bbox 115 1926 1135 2016; baseline -0.001 -21"><span class='ocrx_word' id='word_1_144' title='bbox 115 1930 218 2016; x_wconf 81' lang='lat' dir='ltr'>bigua</span> <span class='ocrx_word' id='word_1_145' title='bbox 237 1929 342 2013; x_wconf 88' lang='lat' dir='ltr'>certis,</span> <span class='ocrx_word' id='word_1_146' title='bbox 364 1926 554 1993; x_wconf 88' lang='lat' dir='ltr'>turbulenta</span> <span class='ocrx_word' id='word_1_147' title='bbox 572 1928 766 2016; x_wconf 86' lang='lat' dir='ltr'>tranquillis,</span> <span class='ocrx_word' id='word_1_148' title='bbox 785 1928 893 1994; x_wconf 88' lang='lat' dir='ltr'>inania</span> <span class='ocrx_word' id='word_1_149' title='bbox 911 1929 1023 1994; x_wconf 88' lang='lat' dir='ltr'>solidis</span> <span class='ocrx_word' id='word_1_150' title='bbox 1041 1952 1135 2014; x_wconf 59' lang='lat' dir='ltr'>prae,</span> 
     </span>
     <span class='ocr_line' id='line_1_21' title="bbox 115 2017 1170 2103; baseline -0.001 -20"><span class='ocrx_word' id='word_1_151' title='bbox 115 2019 264 2084; x_wconf 87' lang='lat' dir='ltr'>ferentes.</span> <span class='ocrx_word' id='word_1_152' title='bbox 310 2021 399 2083; x_wconf 88' lang='lat' dir='ltr'>aetas</span> <span class='ocrx_word' id='word_1_153' title='bbox 427 2020 459 2081; x_wconf 90' lang='lat' dir='ltr'>et</span> <span class='ocrx_word' id='word_1_154' title='bbox 486 2017 655 2101; x_wconf 87' lang='lat' dir='ltr'>praeteriti</span> <span class='ocrx_word' id='word_1_155' title='bbox 683 2018 807 2083; x_wconf 88' lang='lat' dir='ltr'>iactura</span> <span class='ocrx_word' id='word_1_156' title='bbox 838 2019 996 2103; x_wconf 88' lang='lat' dir='ltr'>temporis</span> <span class='ocrx_word' id='word_1_157' title='bbox 1023 2020 1131 2084; x_wconf 87' lang='lat' dir='ltr'>admo·</span> <span class='ocrx_word' id='word_1_158' title='bbox 1144 2041 1170 2082; x_wconf 82' lang='lat' dir='ltr'>ao</span> 
     </span>
     <span class='ocr_line' id='line_1_22' title="bbox 113 2106 1131 2193; baseline -0.003 -20"><span class='ocrx_word' id='word_1_159' title='bbox 113 2112 181 2193; x_wconf 90' lang='lat' dir='ltr'>net,</span> <span class='ocrx_word' id='word_1_160' title='bbox 204 2112 241 2173; x_wconf 93' lang='lat' dir='ltr'>ut</span> <span class='ocrx_word' id='word_1_161' title='bbox 264 2106 487 2192; x_wconf 79' lang='lat' dir='ltr'>resipiscamus</span> <span class='ocrx_word' id='word_1_162' title='bbox 505 2107 655 2190; x_wconf 87' lang='lat' dir='ltr'>quodque</span> <span class='ocrx_word' id='word_1_163' title='bbox 673 2106 835 2191; x_wconf 91' lang='lat' dir='ltr'>reliquum</span> <span class='ocrx_word' id='word_1_164' title='bbox 853 2112 902 2171; x_wconf 89' lang='lat' dir='ltr'>est</span> <span class='ocrx_word' id='word_1_165' title='bbox 925 2107 1022 2190; x_wconf 90' lang='lat' dir='ltr'>uitae,</span> <span class='ocrx_word' id='word_1_166' title='bbox 1044 2107 1131 2171; x_wconf 73' lang='lat' dir='ltr'>uiua</span> 
     </span>
     <span class='ocr_line' id='line_1_23' title="bbox 114 2194 1131 2280; baseline -0.002 -18"><span class='ocrx_word' id='word_1_167' title='bbox 114 2219 188 2262; x_wconf 91' lang='lat' dir='ltr'>mus</span> <span class='ocrx_word' id='word_1_168' title='bbox 214 2195 312 2261; x_wconf 86' lang='lat' dir='ltr'>nobis</span> <span class='ocrx_word' id='word_1_169' title='bbox 339 2195 435 2280; x_wconf 88' lang='lat' dir='ltr'>ipsis,</span> <span class='ocrx_word' id='word_1_170' title='bbox 462 2194 558 2260; x_wconf 90' lang='lat' dir='ltr'>bonis</span> <span class='ocrx_word' id='word_1_171' title='bbox 586 2195 724 2278; x_wconf 88' lang='lat' dir='ltr'>artibus,</span> <span class='ocrx_word' id='word_1_172' title='bbox 752 2195 821 2260; x_wconf 91' lang='lat' dir='ltr'>Deo</span> <span class='ocrx_word' id='word_1_173' title='bbox 850 2194 1065 2278; x_wconf 84' lang='lat' dir='ltr'>potissimum.</span> <span class='ocrx_word' id='word_1_174' title='bbox 1111 2218 1131 2260; x_wconf 86' lang='lat' dir='ltr'>a</span> 
     </span>
     <span class='ocr_line' id='line_1_24' title="bbox 114 2282 1130 2370; baseline -0.004 -19"><span class='ocrx_word' id='word_1_175' title='bbox 114 2308 179 2370; x_wconf 90' lang='lat' dir='ltr'>quo</span> <span class='ocrx_word' id='word_1_176' title='bbox 203 2306 282 2370; x_wconf 90' lang='lat' dir='ltr'>unc,</span> <span class='ocrx_word' id='word_1_177' title='bbox 310 2285 337 2350; x_wconf 91' lang='lat' dir='ltr'>si</span> <span class='ocrx_word' id='word_1_178' title='bbox 365 2285 443 2369; x_wconf 92' lang='lat' dir='ltr'>quid</span> <span class='ocrx_word' id='word_1_179' title='bbox 471 2287 527 2348; x_wconf 88' lang='lat' dir='ltr'>aut</span> <span class='ocrx_word' id='word_1_180' title='bbox 554 2284 677 2370; x_wconf 84' lang='lat' dir='ltr'>ingenii</span> <span class='ocrx_word' id='word_1_181' title='bbox 705 2287 762 2348; x_wconf 89' lang='lat' dir='ltr'>aut</span> <span class='ocrx_word' id='word_1_182' title='bbox 790 2282 953 2348; x_wconf 83' lang='lat' dir='ltr'>doctrinae</span> <span class='ocrx_word' id='word_1_183' title='bbox 976 2283 1011 2348; x_wconf 92' lang='lat' dir='ltr'>in</span> <span class='ocrx_word' id='word_1_184' title='bbox 1033 2283 1130 2348; x_wconf 82' lang='lat' dir='ltr'>nobis</span> 
     </span>
     <span class='ocr_line' id='line_1_25' title="bbox 113 2372 1130 2461; baseline -0.001 -22"><span class='ocrx_word' id='word_1_185' title='bbox 113 2379 173 2461; x_wconf 88' lang='lat' dir='ltr'>est,</span> <span class='ocrx_word' id='word_1_186' title='bbox 197 2395 271 2439; x_wconf 91' lang='lat' dir='ltr'>cum</span> <span class='ocrx_word' id='word_1_187' title='bbox 284 2373 511 2457; x_wconf 66' lang='lat' dir='ltr'>acceperimus</span> <span class='ocrx_word' id='word_1_188' title='bbox 530 2373 571 2436; x_wconf 92' lang='lat' dir='ltr'>ad</span> <span class='ocrx_word' id='word_1_189' title='bbox 589 2372 731 2438; x_wconf 89' lang='lat' dir='ltr'>eiusdem</span> <span class='ocrx_word' id='word_1_190' title='bbox 749 2372 845 2437; x_wconf 83' lang='lat' dir='ltr'>unius</span> <span class='ocrx_word' id='word_1_191' title='bbox 863 2372 1001 2459; x_wconf 82' lang='lat' dir='ltr'>gloriam</span> <span class='ocrx_word' id='word_1_192' title='bbox 1020 2393 1130 2438; x_wconf 89' lang='lat' dir='ltr'>omnes</span> 
     </span>
     <span class='ocr_line' id='line_1_26' title="bbox 113 2461 1170 2551; baseline -0.005 -23"><span class='ocrx_word' id='word_1_193' title='bbox 113 2463 238 2551; x_wconf 87' lang='lat' dir='ltr'>ingenii</span> <span class='ocrx_word' id='word_1_194' title='bbox 262 2462 490 2547; x_wconf 89' lang='lat' dir='ltr'>doctrinaeque</span> <span class='ocrx_word' id='word_1_195' title='bbox 513 2462 637 2526; x_wconf 84' lang='lat' dir='ltr'>fructus</span> <span class='ocrx_word' id='word_1_196' title='bbox 660 2462 779 2526; x_wconf 85' lang='lat' dir='ltr'>referre</span> <span class='ocrx_word' id='word_1_197' title='bbox 802 2461 970 2546; x_wconf 86' lang='lat' dir='ltr'>inprimis</span> <span class='ocrx_word' id='word_1_198' title='bbox 992 2483 1170 2546; x_wconf 71' lang='lat' dir='ltr'>aequumne</span> 
     </span>
     <span class='ocr_line' id='line_1_27' title="bbox 112 2549 1131 2636; baseline 0 -19"><span class='ocrx_word' id='word_1_199' title='bbox 112 2557 171 2618; x_wconf 86' lang='lat' dir='ltr'>est.</span> <span class='ocrx_word' id='word_1_200' title='bbox 217 2551 298 2616; x_wconf 86' lang='lat' dir='ltr'>Vale</span> <span class='ocrx_word' id='word_1_201' title='bbox 322 2556 355 2617; x_wconf 92' lang='lat' dir='ltr'>et</span> <span class='ocrx_word' id='word_1_202' title='bbox 377 2551 440 2616; x_wconf 90' lang='lat' dir='ltr'>tibi</span> <span class='ocrx_word' id='word_1_203' title='bbox 463 2551 620 2634; x_wconf 83' lang='lat' dir='ltr'>persuade</span> <span class='ocrx_word' id='word_1_204' title='bbox 636 2549 800 2616; x_wconf 89' lang='lat' dir='ltr'>neminem</span> <span class='ocrx_word' id='word_1_205' title='bbox 818 2572 887 2616; x_wconf 90' lang='lat' dir='ltr'>esse</span> <span class='ocrx_word' id='word_1_206' title='bbox 906 2549 959 2616; x_wconf 91' lang='lat' dir='ltr'>uel</span> <span class='ocrx_word' id='word_1_207' title='bbox 977 2573 1131 2636; x_wconf 88' lang='lat' dir='ltr'>umquam</span> 
     </span>
     <span class='ocr_line' id='line_1_28' title="bbox 112 2639 1130 2728; baseline 0 -24"><span class='ocrx_word' id='word_1_208' title='bbox 112 2642 193 2728; x_wconf 87' lang='lat' dir='ltr'>fore,</span> <span class='ocrx_word' id='word_1_209' title='bbox 217 2641 273 2725; x_wconf 89' lang='lat' dir='ltr'>qui</span> <span class='ocrx_word' id='word_1_210' title='bbox 296 2645 386 2706; x_wconf 88' lang='lat' dir='ltr'>tuam</span> <span class='ocrx_word' id='word_1_211' title='bbox 409 2644 628 2724; x_wconf 84' lang='lat' dir='ltr'>praestantem</span> <span class='ocrx_word' id='word_1_212' title='bbox 650 2639 807 2705; x_wconf 90' lang='lat' dir='ltr'>uirtutem</span> <span class='ocrx_word' id='word_1_213' title='bbox 829 2644 886 2705; x_wconf 90' lang='lat' dir='ltr'>aut</span> <span class='ocrx_word' id='word_1_214' title='bbox 912 2640 1017 2726; x_wconf 84' lang='lat' dir='ltr'>magis</span> <span class='ocrx_word' id='word_1_215' title='bbox 1044 2645 1130 2704; x_wconf 87' lang='lat' dir='ltr'>amet</span> 
     </span>
     <span class='ocr_line' id='line_1_29' title="bbox 113 2727 1130 2812; baseline -0.004 -17"><span class='ocrx_word' id='word_1_216' title='bbox 113 2734 171 2795; x_wconf 87' lang='lat' dir='ltr'>aut</span> <span class='ocrx_word' id='word_1_217' title='bbox 189 2729 346 2794; x_wconf 91' lang='lat' dir='ltr'>libentius</span> <span class='ocrx_word' id='word_1_218' title='bbox 369 2728 541 2812; x_wconf 88' lang='lat' dir='ltr'>praedicet.</span> <span class='ocrx_word' id='word_1_219' title='bbox 580 2727 781 2793; x_wconf 83' lang='lat' dir='ltr'>Oardinalem</span> <span class='ocrx_word' id='word_1_220' title='bbox 800 2728 956 2811; x_wconf 81' lang='lat' dir='ltr'>Carafam,</span> <span class='ocrx_word' id='word_1_221' title='bbox 979 2729 1130 2792; x_wconf 90' lang='lat' dir='ltr'>iuuenem</span> 
     </span>
     <span class='ocr_line' id='line_1_30' title="bbox 111 2815 1129 2903; baseline -0.004 -20"><span class='ocrx_word' id='word_1_222' title='bbox 111 2822 227 2883; x_wconf 88' lang='lat' dir='ltr'>natum</span> <span class='ocrx_word' id='word_1_223' title='bbox 259 2819 299 2883; x_wconf 92' lang='lat' dir='ltr'>ad</span> <span class='ocrx_word' id='word_1_224' title='bbox 330 2817 546 2882; x_wconf 84' lang='lat' dir='ltr'>immortalem</span> <span class='ocrx_word' id='word_1_225' title='bbox 578 2817 730 2903; x_wconf 82' lang='lat' dir='ltr'>gloriam,</span> <span class='ocrx_word' id='word_1_226' title='bbox 763 2816 946 2900; x_wconf 84' lang='lat' dir='ltr'>exemplum</span> <span class='ocrx_word' id='word_1_227' title='bbox 977 2815 1129 2900; x_wconf 90' lang='lat' dir='ltr'>antiquae</span> 
     </span>
     <span class='ocr_line' id='line_1_31' title="bbox 113 2905 1168 2991; baseline -0.004 -19"><span class='ocrx_word' id='word_1_228' title='bbox 113 2907 301 2991; x_wconf 90' lang='lat' dir='ltr'>probitatis,</span> <span class='ocrx_word' id='word_1_229' title='bbox 324 2907 415 2972; x_wconf 88' lang='lat' dir='ltr'>cuius</span> <span class='ocrx_word' id='word_1_230' title='bbox 438 2905 642 2991; x_wconf 89' lang='lat' dir='ltr'>humanitati,</span> <span class='ocrx_word' id='word_1_231' title='bbox 666 2927 729 2990; x_wconf 91' lang='lat' dir='ltr'>qua</span> <span class='ocrx_word' id='word_1_232' title='bbox 752 2927 803 2969; x_wconf 92' lang='lat' dir='ltr'>me</span> <span class='ocrx_word' id='word_1_233' title='bbox 822 2926 951 2989; x_wconf 88' lang='lat' dir='ltr'>semper</span> <span class='ocrx_word' id='word_1_234' title='bbox 972 2909 1022 2969; x_wconf 86' lang='lat' dir='ltr'>est</span> <span class='ocrx_word' id='word_1_235' title='bbox 1045 2927 1127 2970; x_wconf 92' lang='lat' dir='ltr'>com·</span> <span class='ocrx_word' id='word_1_236' title='bbox 1141 2925 1168 2967; x_wconf 84' lang='lat' dir='ltr'>ao</span> 
     </span>
     <span class='ocr_line' id='line_1_32' title="bbox 113 2994 1128 3081; baseline -0.002 -21"><span class='ocrx_word' id='word_1_237' title='bbox 113 2996 244 3081; x_wconf 82' lang='lat' dir='ltr'>plexus,</span> <span class='ocrx_word' id='word_1_238' title='bbox 276 2997 393 3061; x_wconf 90' lang='lat' dir='ltr'>debere</span> <span class='ocrx_word' id='word_1_239' title='bbox 423 3018 475 3060; x_wconf 92' lang='lat' dir='ltr'>me</span> <span class='ocrx_word' id='word_1_240' title='bbox 504 2994 682 3079; x_wconf 91' lang='lat' dir='ltr'>plurimum</span> <span class='ocrx_word' id='word_1_241' title='bbox 708 2994 826 3079; x_wconf 88' lang='lat' dir='ltr'>fateor,</span> <span class='ocrx_word' id='word_1_242' title='bbox 856 2994 919 3058; x_wconf 87' lang='lat' dir='ltr'>nisi</span> <span class='ocrx_word' id='word_1_243' title='bbox 947 3015 1046 3081; x_wconf 80' lang='lat' dir='ltr'>graue</span> <span class='ocrx_word' id='word_1_244' title='bbox 1071 2999 1128 3078; x_wconf 89' lang='lat' dir='ltr'>est,</span> 
     </span>
    </p>
   </div>
   <div class='ocr_carea' id='block_1_3' title="bbox 112 3081 1128 3184">
    <p class='ocr_par' dir='ltr' id='par_1_3' title="bbox 112 3081 1128 3184">
     <span class='ocr_line' id='line_1_33' title="bbox 112 3081 1128 3184; baseline -0.002 -34"><span class='ocrx_word' id='word_1_245' title='bbox 112 3107 186 3150; x_wconf 89' lang='lat' dir='ltr'>meo</span> <span class='ocrx_word' id='word_1_246' title='bbox 200 3084 332 3150; x_wconf 90' lang='lat' dir='ltr'>nomine</span> <span class='ocrx_word' id='word_1_247' title='bbox 346 3083 512 3151; x_wconf 86' lang='lat' dir='ltr'>salutabis.</span> <span class='ocrx_word' id='word_1_248' title='bbox 536 3081 605 3184; x_wconf 88' lang='lat' dir='ltr'>VH</span> <span class='ocrx_word' id='word_1_249' title='bbox 624 3084 695 3150; x_wconf 88' lang='lat' dir='ltr'>Kal.</span> <span class='ocrx_word' id='word_1_250' title='bbox 715 3082 949 3149; x_wconf 83' lang='lat' dir='ltr'>OctMDLXX</span> <span class='ocrx_word' id='word_1_251' title='bbox 967 3083 1128 3171; x_wconf 64' lang='lat' dir='ltr'>[Romae]</span> 
     </span>
    </p>
   </div>
   <div class='ocr_carea' id='block_1_4' title="bbox 0 0 1310 3890">
    <p class='ocr_par' dir='ltr' id='par_1_4' title="bbox 0 0 1310 3890">
     <span class='ocr_line' id='line_1_34' title="bbox 0 0 1310 3890; baseline 0 2"><span class='ocrx_word' id='word_1_252' title='bbox 0 0 1310 3890; x_wconf 95' lang='lat' dir='ltr'> </span> 
     </span>
    </p>
   </div>
  </div>
 </body>
</html>
