2610 3890
156 183 220 248 166
426 181 576 239 LXXXIV.
600 180 720 237 Camillo
738 180 895 237 Palaeotto.

153 344 298 428 numine,
336 343 539 427 successerit,
574 343 694 408 litteris
729 343 805 426 tibi,
841 342 906 406 mei
939 341 1172 427 amantissimo,

154 433 402 520 significandum
423 433 547 516 putaui.
592 431 729 498 Vnioam
745 431 854 516 filiam,
876 431 962 496 inter
982 429 1172 495 1111111111-

154 523 248 608 gines
271 522 447 605 educatam,
469 544 536 588 non
558 521 709 586 hebetem
732 519 862 606 ingenio
885 541 946 584 nec
963 519 1084 605 paucis,
1105 519 1172 584 nisi

154 633 206 676 me
229 610 315 676 fallit
341 632 444 697 amor,
472 610 650 676 uirtutibus
672 609 876 691 instructam,
904 607 1013 673 iuueni
1044 607 1171 691 optimo

100 747 102 756 ,
127 700 235 766 ssatis
258 699 387 766 honesti
409 699 481 784 loci,
504 699 591 764 haud
613 698 769 782 postremi
793 697 914 762 ordinis
932 697 967 761 in
984 697 1053 762 iure
1071 696 1172 780 ciuili,

154 789 237 854 addo
261 789 373 874 etiam,
397 789 484 872 quod
506 786 602 854 hodie
626 787 831 871 potissimum
854 785 1043 870 requiritur,
1066 807 1085 850 a
1107 787 1173 850 for-

154 882 252 946 tunae
272 877 368 944 bonis
385 899 451 942 non
469 876 638 960 imparato,
661 875 741 942 meis
758 874 1019 959 reclamantibus,
1043 874 1081 939 de
1101 895 1173 940 sen-

155 966 259 1034 tentia
291 970 401 1032 tamen
432 965 576 1032 fidelium
608 965 785 1030 amicorum
821 963 986 1047 despondi.
1040 963 1102 1028 hoc
1133 968 1172 1027 tu

156 1077 264 1120 meum
287 1054 458 1120 considium
484 1076 544 1138 pro
572 1058 682 1119 uetere
710 1057 821 1120 nostra
843 1050 1080 1118 necessitudine
1102 1055 1173 1116 tua-

115 1165 141 1208 ro
156 1165 219 1227 que
243 1143 407 1228 aequitate
430 1165 497 1210 non
519 1143 634 1209 dubito
659 1142 740 1226 quin
765 1146 799 1208 et
821 1141 941 1225 probes
964 1145 997 1205 et
1020 1140 1172 1206 omnibus

155 1232 289 1315 optimis
311 1253 516 1315 prosequare.
563 1231 713 1316 equidem
735 1253 816 1296 onus
834 1229 941 1294 Aetna
964 1229 1097 1315 grauius
1120 1229 1171 1292 de-

154 1319 301 1403 posuisse
320 1319 400 1384 mihi
419 1315 532 1384 uideor
554 1343 715 1405 speroque
733 1319 811 1404 fore,
834 1323 880 1404 ut,
904 1317 991 1402 quod
1010 1317 1172 1401 reliquum

155 1410 205 1472 est
219 1407 316 1492 uitae,
329 1430 432 1472 uacuo
447 1407 531 1474 curis
551 1409 658 1474 animo
677 1407 851 1492 tranquille
867 1408 990 1492 degam.
1029 1405 1173 1491 Quaeris,

154 1495 235 1562 ubi?
280 1497 412 1584 Romae,
435 1497 463 1562 si
486 1520 546 1581 per
564 1497 783 1564 ualetudinem
801 1496 922 1562 licebit.
967 1517 1043 1561 nam
1065 1494 1186 1566 hierna

118 1605 142 1650 11
157 1586 224 1650 fere
256 1589 327 1651 tota
358 1609 485 1656 mecum
516 1590 624 1651 actum
656 1590 706 1651 est
736 1608 803 1651 non
839 1585 975 1669 optime,
1009 1583 1174 1650 communi

155 1678 265 1740 tamen
288 1675 427 1758 pituitae
451 1675 579 1761 morbo,
609 1696 672 1760 quo
702 1673 902 1740 robustiores
926 1673 1024 1738 etiam
1046 1673 1174 1738 labora-

155 1768 245 1848 runt,
276 1763 332 1830 alii
362 1764 431 1830 sine
459 1763 616 1848 periculo,
647 1763 702 1828 alii
732 1763 795 1849 sic,
822 1767 859 1827 ut
887 1762 1090 1828 decesserint.
1137 1761 1173 1826 in

156 1851 276 1935 quibus
307 1852 371 1918 fuit
403 1853 445 1938 is,
479 1853 571 1918 ouius
608 1852 700 1917 obitu
739 1851 912 1918 dolendum
944 1856 993 1916 est
1023 1849 1174 1936 maxime,

154 1940 283 2023 poetica
310 1942 405 2006 laude
433 1941 570 2026 insignis
593 1940 795 2006 Amaltheus.
833 1940 914 2006 mihi
938 1941 1061 2022 eadem,
1090 1961 1172 2023 quae

114 2049 141 2094 20
154 2032 262 2116 antea,
290 2030 396 2095 uictus
422 2030 506 2096 ratio
533 2029 692 2096 medicina
719 2029 791 2095 luit.
835 2029 973 2094 necdum
988 2028 1096 2093 audio
1126 2029 1173 2092 in·

154 2117 307 2184 stitutum
334 2124 459 2188 mutare
486 2122 621 2202 propter
648 2119 724 2184 anni
751 2124 881 2202 tempus
913 2117 1090 2201 inaequale.
1137 2117 1173 2181 in

154 2207 333 2293 publicum,
350 2208 414 2273 nisi
432 2207 612 2274 neccssaria
630 2229 664 2273 re
685 2211 823 2291 coactus,
845 2228 1022 2291 numquam
1040 2205 1173 2290 prodeo,

155 2296 340 2362 domesticis
362 2297 483 2362 finibus
506 2319 557 2361 me
576 2301 671 2362 teneo
695 2300 821 2362 etcum
842 2295 973 2381 libellis,
995 2295 1080 2360 idest
1099 2316 1173 2360 oum

154 2385 320 2450 amoribus
344 2389 377 2449 et
401 2385 523 2450 deliciis
546 2385 636 2471 meis,
659 2384 889 2451 iucundissime
915 2384 1000 2449 uiuo.
1047 2382 1174 2450 Oratio-

113 2491 140 2532 as
154 2494 229 2538 nem
252 2495 312 2555 pro
335 2472 456 2539 Archia
479 2497 552 2540 cum
575 2497 647 2540 meo
671 2473 934 2540 commentariolo
965 2473 1047 2539 scire
1075 2472 1173 2556 cupio

154 2582 197 2624 an
220 2561 390 2644 acceperis
435 2562 564 2628 absolui
591 2563 656 2629 iam
683 2563 718 2628 in
745 2563 886 2647 reliquas
910 2584 1022 2628 omnes
1045 2561 1173 2628 duabus

143 2647 309 2735 exceptis,
332 2671 393 2733 pro
415 2650 546 2736 Ligario
570 2656 605 2719 et
626 2652 790 2738 Deiotaro,
814 2674 911 2736 quam
934 2652 1026 2736 bene,
1050 2649 1107 2716 alii
1125 2650 1172 2716 iu·

154 2737 324 2824 dicabunt,
351 2759 469 2825 magno
498 2744 584 2806 certe
617 2763 690 2806 oum
711 2741 838 2826 labore,
866 2762 966 2825 opera
995 2760 1172 2824 numquam

154 2825 217 2892 nisi
245 2848 304 2912 per
333 2829 484 2892 morbum
511 2828 703 2894 intermissa.
750 2829 909 2905 Quiddam
937 2828 1035 2894 etiam
1063 2827 1173 2911 expla-

112 2935 231 2980 sonare
264 2938 336 2980 sum
368 2939 554 3002 aggressus,
587 2921 632 2998 et,
669 2922 706 2981 ut
743 2940 777 2982 se
813 2917 975 3000 principia
1007 2917 1174 3001 dederunt,

154 3004 266 3068 uideor
289 3003 412 3089 aliquid
434 3010 599 3089 praestare
617 3028 721 3090 posse.
759 3010 905 3072 assentor
927 3005 1008 3069 mihi
1027 3006 1175 3087 fortasse,

153 3113 229 3155 nam
252 3114 310 3156 sua
333 3092 469 3176 quisque
488 3097 587 3178 amat3
610 3099 833 3160 uerumtamen
855 3094 909 3158 hic
933 3115 1057 3178 omnes,
1081 3115 1173 3178 prae·

152 3180 266 3245 sertim
294 3181 350 3264 qui
377 3179 497 3246 litteris
525 3182 682 3248 excellere
710 3187 881 3268 putantm,
911 3182 1056 3267 initium,
1087 3180 1175 3267 quod

120 3403 131 3414 ⁶
242 3413 257 3462 2
279 3407 410 3464 ‘Vnicum
422 3407 522 3464 filiam’
539 3409 666 3466 Mariam.
679 3416 740 3464 -4
756 3409 864 3465 ‘iuueni
878 3409 999 3481 optimo'
1011 3409 1174 3466 Alexandro

153 3475 287 3546 Honorio,
306 3479 397 3534 nobili
416 3481 478 3536 loco
497 3482 567 3537 orto.
584 3511 617 3523 -
632 3485 667 3536 2⁷
688 3483 750 3554 ‘pro
765 3479 878 3550 Ligario
894 3484 924 3536 et
937 3479 1085 3536 Deiotaro'
1102 3499 1174 3552 quas

152 3545 192 3600 ad
210 3548 352 3606 oratione·
372 3552 606 3608 commentarium
624 3555 657 3608 ut
675 3552 818 3623 scriberet,
838 3553 866 3608 ei
883 3569 941 3607 non
959 3552 1090 3622 contigit.
