2578 3896
156 175 198 238 12
482 173 542 228 VH
568 169 701 226 Marcello
721 169 847 225 Coruino

246 333 327 400 Cum
353 335 436 399 hanc
465 335 549 418 epist
535 333 672 398 t'olam
663 355 727 396 ram
756 329 997 431 complicarem,
1027 330 1190 396 redditae

157 427 233 487 sunt
219 423 298 486 tab
323 421 383 487 Oct
385 422 535 487 auiolitt
506 427 618 508 tt,erae
642 441 777 503 quarum
796 418 902 503 prima
926 417 1054 518 pagella
1079 419 1188 484 ualde

157 533 208 576 me
237 511 450 594 perturbauit.
500 509 704 596 significabat
733 507 818 572 enim
846 511 879 571 te
910 507 1018 592 grauit
1020 529 1054 570 11
1004 505 1185 573 tlabo-

158 621 237 683 rare,
256 600 311 663 sed
330 602 439 664 tamen
457 599 602 683 aliquant
603 618 658 661 um
678 619 749 661 sum
768 597 939 680 recreatus,
959 599 1183 678 posteaquam

131 688 194 753 sin
216 650 329 753 iisdem
352 688 407 752 litt
393 687 471 752 teris
500 709 551 770 11,
582 706 664 768 quae
686 684 851 770 uolebam,
880 683 947 768 legi
975 683 1013 746 de
1038 705 1181 766 corpore

158 781 214 841 tuo
236 797 302 840 non
324 776 408 840 nihil
431 776 578 839 alleuato
616 795 710 857 spero
738 777 846 837 autem
874 776 906 835 et
892 771 1055 836 tconfido
1080 771 1180 836 breui

157 864 302 948 fore,t
265 869 302 928 ut
325 869 381 928 tua
404 862 554 1016 prudent
530 866 632 926 tetra
655 860 847 944 temperant
837 881 869 924 ra
896 859 1044 943 reliquiis
1067 861 1178 924 morbi

158 915 301 1036 depiilsis
333 952 418 1036 prist
419 952 506 1018 inam
532 949 620 1014 ualet
621 950 751 1014 udinem
778 948 992 1050 consequaris
1039 948 1078 1011 de
1110 969 1180 1030 qua

159 1041 185 1104 si
205 1042 281 1105 fiam
300 1039 426 1125 certior,
449 1062 567 1126 magna
586 1061 661 1103 sane
679 1036 806 1103 molest
782 1042 829 1102 tra
846 1036 1020 1100 liberabor
1051 1035 1180 1101 lerum

120 1149 145 1189 ιο
161 1129 241 1192 uale.

560 1287 772 1297 ..Q—-

630 1512 700 1580 VII.

222 1657 406 1722 Marcello
432 1656 596 1722 Oeruino
622 1654 818 1720 Cardinali
842 1655 995 1720 Romam
1019 1664 1106 1734 (1,1).

250 1813 369 1877 Ρο1111
392 1835 489 1897 quam
511 1815 616 1878 Roma
639 1813 783 1899 discessi,
807 1813 868 1878 etsi
891 1818 962 1877 tum
985 1835 1056 1877 mea
1081 1818 1178 1878 uetus

161 1902 251 1966 inte
282 1901 502 1985 obseruantia,
532 1907 603 1967 tum
629 1907 686 1966 tua
712 1902 747 1966 in
774 1923 824 1966 me
853 1904 1012 1985 perpetua
1035 1901 1177 1967 beneuo-

121 1988 264 2055 alentio
287 1990 453 2073 postulare
476 1990 661 2073 uidebatur,
682 1993 720 2054 ut
743 1990 784 2053 ad
806 1994 839 2054 te
863 2012 959 2073 quam
987 1989 1177 2073 saepissime

162 2077 349 2163 scriberem,
376 2083 485 2143 tamen
512 2079 547 2143 id
572 2100 638 2144 non
665 2079 740 2162 feci,
769 2081 943 2163 propterea
966 2078 1060 2160 quod
1081 2100 1178 2143 omne

161 2166 264 2232 otium
287 2171 385 2251 atque
409 2175 537 2233 omnem
560 2167 659 2233 etiam
681 2167 800 2232 mentis
821 2166 1091 2250 tranquillitatem
1110 2189 1177 2231 rno-

160 2255 260 2322 lestae
283 2256 451 2341 inprimis
470 2258 658 2322 ademerunt
677 2255 912 2340 occupationes.
959 2273 1097 2338 quarum
1114 2277 1178 2340 me,

160 2366 233 2409 cum
257 2345 399 2429 primum
422 2347 485 2411 huc
508 2345 637 2430 reuerti,
660 2349 770 2409 tantus
794 2348 902 2408 aestus
925 2343 1111 2426 absorbuit,
1139 2348 1178 2407 ut
1272 2417 1273 2422 γ

121 2457 146 2498 ao
160 2431 259 2518 longo
284 2432 455 2498 interuallo
478 2434 535 2498 uix
554 2433 746 2497 emerserim.
774 2453 849 2496 nam
863 2431 1011 2516 primum
1024 2431 1177 2496 domesti-

162 2541 214 2584 cas
237 2541 289 2584 res
312 2520 359 2584 ita
381 2521 464 2584 11111
487 2522 617 2585 affectas
641 2521 768 2606 offendi,
790 2525 828 2584 ut
851 2542 906 2584 eas
930 2541 1057 2584 seruare
1080 2519 1176 2584 multi

161 2607 328 2693 temporis,
351 2630 417 2673 non
436 2608 545 2694 exigui
564 2608 694 2692 laboris,
718 2609 816 2674 etiam
835 2609 970 2673 alicuius
984 2607 1063 2672 artis
1083 2612 1177 2672 esset.

161 2696 289 2779 deinde,
317 2718 390 2761 cum
418 2695 474 2760 illa
479 2719 609 2798 ,quam
640 2697 702 2762 scis
734 2698 769 2762 in
801 2697 882 2762 meis
914 2696 998 2780 epist
985 2695 1062 2760 tolis
1093 2701 1177 2760 nutu

161 2788 232 2848 tant
177 2789 288 2849 autum
312 2785 511 2870 appellari‚'
502 2785 632 2850 inimica
654 2785 743 2851 natio
766 2785 882 2851 uirtuti
871 2807 955 2849 1111
979 2784 1177 2885 diligentiae,

121 2899 147 2940 a
162 2895 244 2956 quae
268 2873 365 2937 etiam
389 2874 475 2958 patri
494 2896 580 2959 meo,
607 2874 677 2940 uiro
702 2896 744 2958 op
747 2873 899 2960 timo(et
866 2873 1017 2959 etadde,
1046 2873 1074 2936 si
1098 2872 1178 2974 quid

161 2958 226 3047 uis)
249 2961 419 3048 negotium
438 2925 597 3047 exhibuit,
620 2964 730 3027 adme
749 2962 983 3027 uexandumt
950 2966 983 3026 at
985 2924 1047 3044 qire
1067 2961 1177 3046 oppri-

102 3069 104 3072 ·
160 3048 312 3113 mendum
331 3051 557 3136 conspirasset,
533 3013 691 3116 tdurius
709 3051 809 3116 habui
832 3050 1056 3137 negotium,u
1033 3053 1070 3113 t
1088 3072 1177 3114 meas

160 3138 308 3203 fortunas
327 3138 362 3202 in
380 3142 451 3203 tuto
471 3139 668 3205 collocarem.
706 3141 761 3205 sed
780 3161 841 3224 me,
860 3139 916 3224 qui
935 3143 1030 3202 11111
1045 3142 1178 3220 praesto

160 3225 240 3290 mihi
265 3247 394 3310 semper
416 3227 508 3292 affuit
526 3227 698 3313 laboranti,
722 3229 806 3292 idem
830 3227 864 3293 in
886 3227 948 3291 hoo
970 3224 1177 3310 potissimum

120 3341 147 3380 so
161 3315 343 3379 discrimine
368 3320 517 3402 egentem
540 3318 612 3402 opis
631 3324 663 3382 11
682 3316 816 3401 consilii,
838 3337 897 3381 nec
915 3313 1121 3379 mediocriter
1140 3314 1179 3376 de

252 3514 286 3564 13
306 3525 381 3566 anno
401 3514 478 3566 1139.
