2610 3890
441 133 509 196 LVI.
537 133 621 190 Petro
638 134 818 206 Pcrpiniano.
998 131 1000 136 ¹
1070 139 1133 206 121

117 295 256 362 tentiam
278 318 395 362 meam:
423 317 540 362 neruos
563 319 633 362 esse
656 297 881 386 intendendos,
908 306 945 367 ut
972 301 1007 367 in
1030 324 1135 368 arcem

117 385 216 450 huius
240 406 370 451 caussae
393 384 587 473 inuaderem,
608 409 674 452 non
692 388 816 472 putaui.
857 387 1066 477 Stomachari,
1089 392 1135 458 mi

119 473 268 558 corrado,
290 474 355 540 iam
379 474 560 540 desinamus
582 475 617 540 in
635 475 739 541 aliena
762 477 857 561 culpa
880 483 913 543 et
936 480 1136 564 gratulemur

117 563 232 649 potius
263 563 328 648 ipsi
354 563 465 650 nobis,
497 564 584 649 quod
610 587 753 631 amemus
782 589 832 652 ea,
864 589 945 651 quae
973 569 1137 652 praeclara

119 656 205 720 sunt.
252 673 334 739 quae
362 652 390 718 si
417 657 573 737 parantur
599 651 770 720 laboribus
797 655 960 743 maximis,
987 656 1021 720 id
1049 659 1135 742 quod
1162 682 1176 724 s

118 765 138 808 a
168 741 278 808 studio
307 741 428 807 midtos
455 742 608 826 deterret,
638 744 811 810 molestum
837 749 947 811 tamen
973 767 1043 811 esse
1069 769 1136 812 non

118 831 228 917 debet,
251 830 338 915 quod
361 829 465 916 gloria
488 837 676 915 compensat
698 833 898 900 immortalis.
940 833 1136 921 Fragmenta

118 918 225 1006 patris
247 919 312 985 mei
335 919 422 1003 quod
444 919 596 1007 requiris,
625 922 713 1005 apud
738 945 790 986 me
815 923 905 988 nulla
929 929 1017 989 sunt:
1047 925 1135 989 furto

118 1008 244 1095 ablata,
273 1030 338 1093 quo
365 1007 420 1072 ille
443 1013 590 1093 tempore
618 1010 688 1074 uita
714 1011 865 1097 excessit,
892 1012 1049 1078 creditum
1077 1016 1135 1079 est.

116 1097 157 1164 In
181 1096 254 1164 Sex.
277 1096 458 1183 Empirico,
484 1097 690 1186 Palaemone,
716 1097 824 1183 Aspro
854 1104 886 1166 et
909 1101 1042 1186 reliquis
1064 1124 1136 1167 mea
1150 1128 1177 1170 ro

118 1186 184 1252 tibi
217 1185 387 1272 diligentia
417 1208 484 1252 non
516 1187 626 1253 deerit.
677 1189 850 1276 odorabor,
883 1190 988 1256 sicubi
1020 1191 1136 1277 latent;

118 1298 196 1342 nam
220 1275 255 1340 in
277 1273 423 1340 tabernis
449 1297 516 1340 non
538 1281 676 1344 exstant.
722 1278 872 1344 inuentos
895 1279 963 1345 noli
987 1281 1136 1347 dubitare

118 1364 200 1450 quin
223 1385 342 1430 eruam.
379 1385 477 1448 quam
499 1364 617 1430 nehem
639 1366 726 1430 filius
749 1367 883 1453 adesset,
909 1368 965 1451 qui
983 1368 1137 1435 Venetias

119 1453 287 1538 proiectus
311 1455 368 1517 est.
414 1458 594 1537 praestaret
616 1453 751 1540 aliquid,
779 1455 903 1539 opinor.
948 1456 1027 1520 haec
1051 1458 1137 1522 enim

119 1541 229 1608 studia
256 1544 375 1607 tractat
402 1542 530 1606 nauiter
557 1546 590 1607 et
618 1541 865 1627 Grammaticos,
894 1543 933 1608 de
962 1542 1178 1631 Orthogra·1s

119 1631 200 1716 phia
229 1652 303 1697 cum
330 1629 499 1714 scriberet,
532 1631 655 1697 euoluit
682 1653 802 1696 omnes.
847 1631 937 1698 Vale.
985 1633 1135 1718 [Romae]

117 1719 175 1786 VI.
199 1719 240 1785 id.
263 1720 347 1786 Nou.
371 1717 534 1784 MDLXV.

524 1945 736 1954 ——--—-—.....

588 2145 670 2211 LVl.

239 2284 354 2353 Petro
382 2285 618 2372 Perpiniano
645 2287 873 2375 Lugdunum
901 2296 1023 2367 (VII,9).

212 2427 372 2494 Amabam
405 2434 500 2494 antea
535 2451 601 2494 non
637 2428 817 2515 uulgariter
849 2451 991 2500 amorem
1019 2429 1055 2495 in
1085 2452 1137 2495 mc
1151 2456 1179 2500 uo

119 2523 230 2603 tuum,
258 2539 330 2583 cum
357 2517 548 2602 praesertim
572 2519 749 2584 suauitates
771 2519 806 2584 in
829 2524 861 2584 te
885 2524 992 2585 essent
1014 2519 1138 2607 ingenii

120 2606 254 2692 multae,
276 2629 348 2672 rara
366 2607 525 2694 probitas,
548 2607 694 2673 doctrina
712 2631 815 2693 prope
834 2608 1021 2696 singularist
1043 2631 1138 2694 nunc,

121 2717 222 2781 quam
249 2695 284 2761 in
311 2696 529 2762 exhauriendo
552 2697 717 2783 mandato,
745 2698 831 2783 quod
858 2698 1059 2762 humanitate
1081 2703 1139 2762 tua

120 2786 226 2850 fretus
249 2783 429 2852 discedenti
457 2785 520 2850 tibi
548 2786 710 2869 dederam,
740 2808 849 2851 curam
876 2790 909 2849 et
936 2785 1139 2871 diligentiam

121 2873 315 2957 adhibuisti,
343 2896 381 2938 ea
407 2895 459 2937 me
487 2873 533 2940 sic
560 2874 680 2960 affecit,
708 2879 744 2938 ut
772 2873 860 2939 omni
887 2877 920 2938 te
947 2873 1047 2938 animi
1074 2873 1139 2938 mei
1152 2897 1180 2940 ss

122 2983 221 3027 sensu
245 2962 453 3049 complectar,
482 2963 589 3027 omnia
616 2963 692 3048 tibi,
721 2962 814 3049 quasi
841 2962 911 3027 iure
939 2962 1064 3046 optimo
1088 2962 1138 3028 de·

121 3050 208 3134 bita,
232 3050 338 3116 studia
361 3055 394 3116 et
417 3051 524 3116 officia
547 3051 709 3136 pollicear.
756 3072 951 3137 quamquam
974 3052 1013 3116 de
1036 3052 1138 3116 amico

120 3161 195 3205 meo
229 3139 358 3204 duriora
390 3139 575 3226 significant
606 3140 733 3204 litterae
765 3145 854 3225 tuae;
888 3162 970 3225 quae
1003 3141 1030 3205 si
1063 3162 1140 3204 uera

122 3231 209 3313 sunt,
233 3227 371 3292 amicum
393 3228 458 3293 iam
480 3250 546 3294 non
565 3229 704 3313 appello.
741 3228 878 3294 excellat
900 3229 976 3293 licet
999 3228 1139 3314 ingenio,

120 3316 231 3382 ualeat
262 3316 433 3402 industria,
470 3339 511 3382 ex
547 3317 689 3402 antiquis
726 3316 943 3384 monumentis
975 3315 1139 3401 praeclara
1153 3341 1181 3381 eo

122 3424 270 3489 quaeque
289 3405 494 3470 delibauerit:
517 3406 596 3470 haec
614 3405 724 3471 inania
741 3410 826 3491 sunt,
843 3404 907 3469 nisi
924 3426 997 3469 cum
1015 3404 1140 3490 optima

120 3498 232 3557 mente
266 3497 298 3559 et
330 3493 511 3559 Christiana
543 3494 665 3579 pietate
696 3494 880 3581 iungantur.
928 3494 1014 3579 quod
1046 3493 1073 3558 si
1107 3515 1140 3558 se
