2610 3890
404 159 525 217 LXXIX.
553 159 672 218 Camillo
690 159 847 218 Pulceotto.
1068 159 1132 226 159

117 323 278 406 quantum
309 320 431 386 scilicet
460 344 519 406 per
551 322 719 408 utriusque
752 323 979 408 occupationes
1010 319 1133 408 licebit,

116 409 303 474 litterarum
326 410 492 475 commodo
517 411 679 477 sancietur.
725 409 814 476 Vale.
858 411 989 498 Romae,
1011 409 1066 477 VI.
1091 411 1133 476 id.

1 545 2 556 .
117 496 208 583 Sept.
230 497 425 563 MDLXXII.

521 706 734 716 ———·---.-

557 922 698 990 LXXIX.

235 1062 395 1129 (lsmillo
423 1062 627 1146 Palaeotto
654 1064 867 1131 Bononiam
895 1077 971 1145 (XII,
988 1075 1022 1142 1).
1148 1085 1161 1126 5

210 1202 313 1270 Αιιιι
298 1207 358 1271 tu?
387 1205 515 1272 litteras
537 1228 598 1293 ego
622 1205 691 1272 sine
713 1207 858 1295 nomine,
880 1205 1072 1292 praesertim
1094 1207 1135 1272 ed

119 1300 156 1360 te
162 1315 291 1380 ,quem
313 1294 398 1360 ttsni
421 1295 517 1380 facio,
541 1295 653 1379 quanti
627 1296 814 1362 tfortasse
837 1260 1021 1362 neminem?
1049 1296 1135 1381 equi·

116 1347 194 1448 'dein
218 1385 359 1449 erratum
382 1404 490 1449 meum
508 1383 564 1450 uix
565 1405 731 1536 tagnosco.
771 1385 881 1470 itaque
900 1390 977 1469 peto
996 1406 1016 1449 s
1033 1389 1076 1472 te,
1098 1389 1135 1451 ut

121 1469 280 1538 mihilitt
250 1475 351 1538 tteras
373 1471 446 1538 illes
468 1471 564 1538 remit
565 1475 624 1536 tas.
670 1494 734 1573 quo
758 1473 855 1538 simul
878 1473 1073 1560 intelligam,
1096 1474 1135 1539 de

121 1560 316 1628 emblemate
328 1560 423 1662 ..quid
441 1559 638 1645 scripserim3
665 1561 692 1626 si
715 1561 843 1626 modo'
834 1584 863 1626 1s
885 1583 946 1648 ego
971 1583 1056 1649 sum,
1079 1561 1135 1645 qui
1150 1581 1176 1620 ιι

120 1648 245 1734 aliquid
275 1649 467 1733 scripserim.
513 1649 606 1714 ualde
636 1649 722 1716 enim
751 1649 786 1714 in
815 1651 877 1716 hoc
908 1671 1047 1751 quoque,
1065 1671 1135 1733 per·

121 1739 248 1804 turbor.
302 1737 395 1814 Quod
430 1737 478 1804 ais
515 1760 566 1804 mc
596 1761 707 1804 rursus
739 1739 779 1803 sd
811 1738 947 1826 bellum,
984 1737 1137 1823 ominare,

121 1847 257 1912 quaese,
284 1826 407 1892 melius.
453 1849 514 1913 ego
543 1827 629 1894 enim
657 1827 748 1912 quiet
749 1850 813 1914 em,
840 1850 901 1915 ego
930 1791 1046 1913 otium,
1074 1849 1135 1914 ego

1 1993 2 2004 .
121 1915 231 1982 studia
257 1937 329 1980 mea
356 1919 389 1979 et
416 1915 551 1981 urbiet
578 1916 711 1982 urbanis
738 1880 837 1982 rebius
864 1921 1035 2002 antepono.
1078 1915 1137 1984 scd

122 2005 151 2071 si
175 2009 208 2069 et
230 2004 368 2070 urbest
391 2003 487 2070 simul
514 2005 630 2070 studiis
657 2005 738 2071 meis
764 2005 829 2072 frui
856 2005 932 2072 licet
936 2005 1051 2094 ,quis
1074 2005 1136 2071 erit
1150 2023 1176 2064 1⁵

122 2093 218 2158 tam
210 2092 341 2177 miquus
359 2115 467 2158 rerum
484 2093 634 2160 aestimat
620 2099 681 2180 οιι,
704 2117 760 2179 qm
751 2094 859 2160 mihi
876 2117 943 2161 non
936 2059 1137 2160 concedet?

124 2182 185 2248 otii
209 2181 339 2266 quidem
366 2182 483 2267 adhuc,
513 2187 672 2267 quantum
699 2183 812 2267 opteui
840 2205 979 2283 semper,
1009 2185 1137 2250 tantum

36 2345 39 2352 ,
122 2271 269 2336 concedit
255 2275 322 2355 tur3
343 2270 513 2357 negotium
536 2275 653 2355 sponte
671 2270 798 2336 nullum
816 2271 998 2355 suscipiam.
1034 2271 1136 2355 impo-

122 2363 232 2426 netur:
255 2361 370 2445 feram,
394 2360 500 2444 quoad
521 2359 649 2444 licebit,
671 2359 755 2425 idest
778 2361 884 2444 quoad
906 2359 1050 2425 instituti
1072 2360 1136 2426 mei

122 2448 207 2514 ratio
248 2447 424 2533 permittet.
482 2448 566 2514 nihil
602 2448 688 2514 enim
723 2448 823 2535 malo,
864 2472 961 2533 quum
998 2449 1137 2533 posteris
1152 2466 1178 2507 ιο

125 2537 286 2622 prodesse.
319 2537 354 2600 in
372 2559 410 2601 eo
428 2537 509 2602 mihi
530 2536 671 2623 (licutino,
693 2537 728 2601 in
746 2560 784 2603 eo
803 2542 879 2604 sunt
898 2537 1014 2604 omnic.
1051 2539 1138 2623 quod

123 2626 153 2693 si
176 2647 243 2691 non
265 2647 418 2710 assequor
444 2625 491 2712 id,
519 2627 605 2711 quod
632 2626 838 2711 propositum
865 2631 928 2714 est,
955 2649 1006 2692 me
1029 2631 1138 2694 temen

125 2715 237 2800 ipsum
259 2715 368 2780 conari
396 2719 429 2779 et
455 2715 539 2780 uelle
567 2715 714 2782 delectat.
759 2716 884 2782 utinam
907 2716 1138 2781 consuetudine

127 2807 187 2868 tua
208 2825 249 2868 ne
273 2825 425 2889 carerem3
447 2826 523 2869 nam
547 2827 584 2869 ea
607 2805 635 2870 si
658 2805 835 2888 accederet,
858 2805 892 2869 ιιι
915 2804 1002 2869 caelo
1027 2826 1137 2868 essem.

126 2890 279 2957 uoluntas
303 2892 432 2977 utrique
458 2896 606 2958 nostrum
629 2893 739 2958 eadem
762 2892 838 2978 fuit,
866 2892 1003 2958 facultas
1026 2892 1136 2957 defuit.
1152 2911 1178 2951 ιι

2 3015 3 3020 κ
125 2979 216 3044 Vale.
261 2980 396 3067 Romae,
419 2979 505 3046 XIII.
528 2981 599 3046 Kal.
624 2981 692 3046 Oct.
715 2980 908 3048 MDLXXH.

526 3261 740 3273 ——-.——-..
