2578 3896
351 202 435 260 XXX.
454 203 550 259 Marco
568 202 693 258 Antonm
711 204 829 262 Murato.
1058 209 1101 273 65

74 370 131 431 est
154 385 293 429 necesse.
339 368 415 429 sunt
439 364 525 430 enim
549 364 692 431 eiusdem
715 367 906 452 argumenti.
937 367 988 434 sin
1010 372 1100 436 tuam

74 453 300 538 uoluntatem,
326 475 409 537 quae
433 458 553 538 quanta
581 454 638 540 sit,
661 477 701 520 ex
724 454 790 520 tuis
812 455 932 521 litteris
955 465 1100 545 apparet,

74 547 159 608 sunt
183 542 294 607 eadem
315 541 469 608 iteranda.
515 543 687 629 sicigitur
709 543 833 609 faciam.
877 543 1016 612 Affirmo
1036 548 1099 614 tibi

73 631 252 718 Sigonium
277 634 435 714 nostrum,
457 631 485 696 si
498 631 680 697 Bononiam
698 633 773 698 ierit
792 653 1007 718 praesensque
1027 657 1099 701 oon-

74 719 232 802 tenderit,
256 722 379 784 certum
402 720 555 784 futurum.
578 721 680 785 habet
698 721 925 787 auctoritatem
944 743 983 787 ex
1002 723 1099 790 huius
1125 745 1139 788 s

74 808 145 873 loci
170 807 329 893 dignitate
352 812 489 894 partam,
511 809 592 873 mire
615 809 682 875 suis
705 810 936 895 amplificatam
959 812 1100 898 scriptis,

72 895 272 981 praesertim
295 895 346 961 his
369 896 556 982 postremis,
580 897 700 984 insigni
725 899 879 984 doctrina,
902 899 1029 985 iudicio,
1053 900 1099 966 in·

73 984 177 1072 genio
200 984 336 1049 refertis.
370 984 476 1050 studia
497 985 751 1051 Bononiensium
776 987 895 1053 ciuium
919 988 1012 1053 facile
1037 990 1100 1054 col-

72 1074 169 1160 liget.
213 1072 328 1138 ciuitas
351 1073 437 1138 enim
461 1078 510 1138 est
532 1075 573 1139 ad
595 1075 938 1142 humanitatemnulla
961 1099 1099 1162 propen-

72 1162 154 1228 sior.
197 1159 343 1245 Accedit,
365 1162 451 1245 quod
469 1165 526 1226 aut
549 1167 640 1247 petet
663 1164 751 1230 solus
774 1169 831 1230 aut
854 1187 927 1230 oum
945 1165 995 1250 iis,
1018 1189 1099 1252 quos
1113 1189 1140 1230 ro

71 1271 183 1334 neque
206 1249 347 1315 nominis
365 1250 451 1315 fama
468 1273 572 1336 neque
590 1274 677 1338 uero,
700 1258 738 1318 ut
755 1275 774 1318 a
791 1254 957 1320 nonnullis
979 1257 1098 1343 accepi,

71 1339 262 1404 litterarum
289 1338 423 1404 scientia
450 1361 646 1426 magnopere
674 1344 883 1408 commendet.
932 1344 1098 1432 Bargaeus

74 1428 175 1511 enim,
198 1427 259 1513 οὐχ
283 1427 301 1493 ὁ
324 1429 434 1512 τυχὼν
452 1427 546 1513 ἀνήρ,
569 1429 788 1496 condicionem
809 1431 900 1496 illam
923 1437 1009 1497 certe
1031 1456 1098 1499 non

72 1520 214 1601 spectat.
273 1515 329 1600 qui
361 1516 447 1580 enim
478 1516 563 1581 Pisis
596 1518 779 1582 dominetur
811 1523 844 1584 et
876 1541 934 1583 sua
965 1520 1096 1605 uirtute,

73 1627 176 1689 quam
198 1604 349 1669 nouimus
372 1604 595 1688 excellentem,
623 1611 657 1671 et
678 1606 840 1690 Principis
863 1607 982 1694 gratia,
1005 1609 1096 1674 ouius
1111 1631 1136 1671 ι(

73 1694 108 1758 in
134 1693 260 1758 ditione
287 1697 382 1759 natus
410 1698 468 1778 est,
496 1716 561 1778 quo
589 1695 722 1760 oonsilio
750 1695 791 1759 ad
819 1717 870 1761 res
899 1717 1000 1762 nouas
1030 1698 1095 1762 ani-

71 1804 167 1849 mum
191 1781 342 1848 adiiciat?
370 1801 457 1868 ergo,
482 1782 511 1846 si
529 1782 694 1848 Bononiae
709 1782 871 1871 Sigonius,
889 1785 993 1869 uides,
1018 1786 1095 1871 quid

73 1875 241 1956 sequatur.
265 1870 326 1935 diis
343 1870 595 1956 hominibusque
614 1873 832 1956 probantibus
851 1874 885 1939 in
904 1875 974 1940 eius
987 1875 1094 1941 locum

72 1960 236 2026 ascendes.
274 1981 338 2043 quo
361 1959 442 2024 mihi
460 1959 543 2024 nihil
562 1965 646 2026 esset
670 1963 823 2046 optatius.
859 1986 934 2029 nam
954 1965 1095 2049 speciem

72 2049 178 2114 habet
200 2047 414 2114 Bononiensis
441 2049 585 2115 condicio
613 2051 781 2137 maiorem,
807 2057 845 2117 ut
867 2053 900 2117 in
924 2054 1093 2139 gymnasio
1109 2076 1135 2116 ao

71 2136 188 2202 Italiae
211 2137 432 2222 celeberrim03
449 2137 665 2204 emolumenti
683 2144 769 2205 certe
787 2141 873 2205 haud
892 2141 1002 2225 paullo
1021 2141 1096 2225 plus

72 2226 170 2290 uideo
199 2225 253 2289 hic
279 2226 433 2292 aunum.
481 2230 578 2311 atque
607 2227 705 2292 etiam
732 2229 772 2292 de
795 2229 953 2314 dignitate
976 2229 1095 2293 uidero.

72 2318 258 2379 tractantur
276 2315 407 2380 omnino
426 2315 554 2380 litterae
572 2316 773 2400 splendidius
791 2316 826 2380 in
844 2316 986 2400 publicis
1004 2339 1095 2403 gym-

72 2403 176 2469 nasiis
200 2406 232 2469 et
255 2404 388 2468 docetur
410 2404 448 2467 de
471 2404 543 2470 loco
566 2404 731 2489 superiore
750 2405 855 2470 uirtus
874 2405 994 2470 maiore
1018 2427 1091 2471 cum

72 2491 188 2578 gloria.
224 2492 281 2556 sed
294 2491 507 2558 clarissimum
520 2492 730 2558 Venetiamm
747 2515 866 2559 nomen
885 2495 978 2579 quasi
996 2495 1091 2560 lumi·
1106 2518 1138 2582 (5Ι

72 2580 173 2644 nibus
204 2581 346 2646 obstruit
381 2579 566 2647 Italicarum
598 2582 742 2648 omnium
769 2583 940 2649 ciuitatum
972 2589 1005 2648 et
1039 2585 1092 2650 hic

75 2674 184 2734 ortum
212 2669 308 2734 decus
341 2669 435 2734 facile
466 2675 576 2735 manat
608 2693 644 2736 ac
672 2671 862 2738 diffrmditur
889 2695 949 2757 per
980 2696 1092 2739 omnes

73 2762 189 2843 gentes
221 2762 357 2842 propter
387 2758 484 2824 huius
516 2759 605 2824 urbis
642 2760 900 2826 communionem
933 2766 966 2826 et
999 2762 1090 2844 quasi

73 2846 262 2911 societatem
285 2868 358 2912 oum
382 2848 460 2912 orbe
484 2851 642 2913 terrarum
664 2849 824 2914 uniuerso.
861 2849 923 2913 Hic
946 2850 1037 2913 uenit
1056 2849 1090 2914 in

73 2938 230 3000 mentem:
259 2956 315 3000 cur
344 2940 380 3000 tu
413 2936 515 3022 igitur
541 2936 684 3023 migras?
721 2937 784 3002 alia
811 2937 894 3003 ratio
926 2941 982 3003 est.
1029 2960 1089 3024 ego
1103 2963 1130 3003 ao

73 3024 190 3089 urbem
213 3023 335 3109 linquo,
357 3046 514 3091 noricum
533 3025 614 3090 urbe
634 3026 894 3092 emolumentum.
932 3027 1010 3112 quin
1028 3027 1091 3094 hoc

72 3132 176 3198 augeo
200 3113 415 3178 uehementer.
452 3113 542 3178 illam
564 3136 697 3198 prorsus
715 3115 863 3180 amittere
886 3138 952 3181 non
971 3117 1091 3200 uideor,

73 3201 150 3284 quia
173 3201 310 3266 Romam
339 3206 458 3286 specto.
508 3203 611 3268 habes
638 3225 743 3268 meam
767 3205 973 3288 sententiam,
1004 3206 1090 3286 quod

72 3289 203 3372 quidem
230 3290 271 3354 ad
292 3313 344 3355 me
367 3291 492 3356 attinet.
538 3292 577 3355 de
600 3290 734 3379 Sigonio
757 3297 878 3377 autem,
909 3293 984 3375 quia
1005 3290 1089 3355 nihil

74 3383 124 3442 est
147 3383 215 3443 tam
237 3379 391 3464 amplum,
415 3381 501 3464 quod
524 3380 594 3446 eius
616 3381 722 3446 uirtus
739 3404 806 3447 non
827 3384 952 3465 aequet,
975 3399 1088 3464 meam,
1103 3401 1128 3443 ss

71 3471 109 3531 ut
134 3467 258 3553 opinor,
282 3468 514 3534 diuinationem
533 3469 640 3534 exitus
658 3491 724 3534 non
747 3470 845 3534 fallet.
882 3468 945 3533 nisi
964 3467 992 3532 si
1011 3467 1089 3552 quid

73 3555 221 3621 attulerit
244 3577 350 3643 casus,
377 3557 486 3641 qualia
513 3559 576 3624 fert
598 3559 766 3624 hominum
789 3558 865 3623 uita.
912 3558 950 3621 de
973 3556 1088 3623 Molini

124 3671 150 3711 P.
164 3670 266 3712 Munatii
280 3671 394 3722 epistulae
409 3672 514 3714 relectae.
857 3665 873 3713 5
