<?xml version="1.0" encoding="UTF-8"?>
<!DOCTYPE html PUBLIC "-//W3C//DTD XHTML 1.0 Transitional//EN"
    "http://www.w3.org/TR/xhtml1/DTD/xhtml1-transitional.dtd">
<html xmlns="http://www.w3.org/1999/xhtml" xml:lang="en" lang="en">
 <head>
  <title>
</title>
<meta http-equiv="Content-Type" content="text/html;charset=utf-8" />
  <meta name='ocr-system' content='tesseract 3.04.00' />
  <meta name='ocr-capabilities' content='ocr_page ocr_carea ocr_par ocr_line ocrx_word'/>
</head>
<body>
  <div class='ocr_page' id='page_1' title='image "./epistulaeselect00fickgoog_0121.png"; bbox 0 0 2610 3890; ppageno 0'>
   <div class='ocr_carea' id='block_1_1' title="bbox 170 219 840 292">
    <p class='ocr_par' dir='ltr' id='par_1_1' title="bbox 170 219 840 292">
     <span class='ocr_line' id='line_1_1' title="bbox 170 219 840 292; baseline 0.004 -15"><span class='ocrx_word' id='word_1_1' title='bbox 170 223 236 290; x_wconf 84' lang='lat'><strong>108</strong></span> <span class='ocrx_word' id='word_1_2' title='bbox 514 222 610 278; x_wconf 81' lang='lat' dir='ltr'><strong>xum.</strong></span> <span class='ocrx_word' id='word_1_3' title='bbox 632 221 678 292; x_wconf 80' lang='lat' dir='ltr'><strong>Ad.</strong></span> <span class='ocrx_word' id='word_1_4' title='bbox 696 219 778 276; x_wconf 79' lang='lat' dir='ltr'><strong>rium</strong></span> <span class='ocrx_word' id='word_1_5' title='bbox 792 220 840 280; x_wconf 86' lang='lat' dir='ltr'><strong>1v.</strong></span> 
     </span>
    </p>
   </div>
   <div class='ocr_carea' id='block_1_2' title="bbox 109 382 1295 1002">
    <p class='ocr_par' dir='ltr' id='par_1_2' title="bbox 109 382 1295 1002">
     <span class='ocr_line' id='line_1_2' title="bbox 171 382 1295 469; baseline -0.003 -17"><span class='ocrx_word' id='word_1_6' title='bbox 171 385 274 452; x_wconf 87' lang='lat' dir='ltr'><strong>uitam</strong></span> <span class='ocrx_word' id='word_1_7' title='bbox 288 384 374 450; x_wconf 91' lang='lat' dir='ltr'><strong>idem</strong></span> <span class='ocrx_word' id='word_1_8' title='bbox 392 383 436 451; x_wconf 86' lang='lat' dir='ltr'><strong>eit</strong></span> <span class='ocrx_word' id='word_1_9' title='bbox 449 389 562 469; x_wconf 89' lang='lat' dir='ltr'><strong>optare</strong></span> <span class='ocrx_word' id='word_1_10' title='bbox 579 383 677 452; x_wconf 90' lang='lat' dir='ltr'><strong>nobis</strong></span> <span class='ocrx_word' id='word_1_11' title='bbox 696 387 888 469; x_wconf 91' lang='lat' dir='ltr'><strong>perpetuam</strong></span> <span class='ocrx_word' id='word_1_12' title='bbox 903 382 1101 449; x_wconf 71' lang='lat' dir='ltr'><strong>felicitatem.</strong></span> <span class='ocrx_word' id='word_1_13' title='bbox 1132 404 1201 450; x_wconf 82' lang='lat' dir='ltr'><strong>nec</strong></span> <span class='ocrx_word' id='word_1_14' title='bbox 1294 419 1295 460; x_wconf 64' lang='lat'><strong>,</strong></span> 
     </span>
     <span class='ocr_line' id='line_1_3' title="bbox 172 472 1199 559; baseline -0.004 -19"><span class='ocrx_word' id='word_1_15' title='bbox 172 497 250 540; x_wconf 89' lang='lat' dir='ltr'><strong>uero</strong></span> <span class='ocrx_word' id='word_1_16' title='bbox 273 473 423 559; x_wconf 75' lang='lat' dir='ltr'><strong>cuiquam</strong></span> <span class='ocrx_word' id='word_1_17' title='bbox 446 474 532 539; x_wconf 92' lang='lat' dir='ltr'><strong>bono</strong></span> <span class='ocrx_word' id='word_1_18' title='bbox 562 473 633 538; x_wconf 90' lang='lat' dir='ltr'><strong>uiro</strong></span> <span class='ocrx_word' id='word_1_19' title='bbox 656 473 740 537; x_wconf 92' lang='lat' dir='ltr'><strong>tanti</strong></span> <span class='ocrx_word' id='word_1_20' title='bbox 764 477 813 537; x_wconf 89' lang='lat' dir='ltr'><strong>est</strong></span> <span class='ocrx_word' id='word_1_21' title='bbox 831 472 964 537; x_wconf 90' lang='lat' dir='ltr'><strong>huiusce</strong></span> <span class='ocrx_word' id='word_1_22' title='bbox 982 472 1065 537; x_wconf 88' lang='lat' dir='ltr'><strong>lucis</strong></span> <span class='ocrx_word' id='word_1_23' title='bbox 1083 492 1199 557; x_wconf 87' lang='lat' dir='ltr'><strong>usura,</strong></span> 
     </span>
     <span class='ocr_line' id='line_1_4' title="bbox 174 560 1196 649; baseline -0.004 -21"><span class='ocrx_word' id='word_1_24' title='bbox 174 563 252 649; x_wconf 90' lang='lat' dir='ltr'><strong>quin</strong></span> <span class='ocrx_word' id='word_1_25' title='bbox 275 562 314 626; x_wconf 89' lang='lat' dir='ltr'><strong>de</strong></span> <span class='ocrx_word' id='word_1_26' title='bbox 337 584 395 628; x_wconf 88' lang='lat' dir='ltr'><strong>sua</strong></span> <span class='ocrx_word' id='word_1_27' title='bbox 418 563 597 627; x_wconf 89' lang='lat' dir='ltr'><strong>detractum</strong></span> <span class='ocrx_word' id='word_1_28' title='bbox 620 561 742 646; x_wconf 91' lang='lat' dir='ltr'><strong>aliquid</strong></span> <span class='ocrx_word' id='word_1_29' title='bbox 759 561 829 625; x_wconf 89' lang='lat' dir='ltr'><strong>uita</strong></span> <span class='ocrx_word' id='word_1_30' title='bbox 851 561 1001 647; x_wconf 75' lang='lat' dir='ltr'>libenter,</span> <span class='ocrx_word' id='word_1_31' title='bbox 1024 560 1052 625; x_wconf 92' lang='lat' dir='ltr'><strong>si</strong></span> <span class='ocrx_word' id='word_1_32' title='bbox 1075 560 1196 645; x_wconf 89' lang='lat' dir='ltr'><strong>possit,</strong></span> 
     </span>
     <span class='ocr_line' id='line_1_5' title="bbox 173 648 1200 735; baseline -0.004 -18"><span class='ocrx_word' id='word_1_33' title='bbox 173 653 208 717; x_wconf 88' lang='lat' dir='ltr'><strong>in</strong></span> <span class='ocrx_word' id='word_1_34' title='bbox 226 656 316 716; x_wconf 89' lang='lat' dir='ltr'><strong>tuam</strong></span> <span class='ocrx_word' id='word_1_35' title='bbox 334 651 486 716; x_wconf 90' lang='lat' dir='ltr'><strong>conferat.</strong></span> <span class='ocrx_word' id='word_1_36' title='bbox 519 651 575 715; x_wconf 90' lang='lat' dir='ltr'><strong>sed</strong></span> <span class='ocrx_word' id='word_1_37' title='bbox 585 650 746 735; x_wconf 82' lang='lat' dir='ltr'><strong>quoniam</strong></span> <span class='ocrx_word' id='word_1_38' title='bbox 764 650 825 714; x_wconf 88' lang='lat' dir='ltr'><strong>hae</strong></span> <span class='ocrx_word' id='word_1_39' title='bbox 842 649 914 734; x_wconf 88' lang='lat' dir='ltr'><strong>lege</strong></span> <span class='ocrx_word' id='word_1_40' title='bbox 933 650 996 714; x_wconf 91' lang='lat' dir='ltr'><strong>huo</strong></span> <span class='ocrx_word' id='word_1_41' title='bbox 1015 671 1128 714; x_wconf 89' lang='lat' dir='ltr'><strong>omnes</strong></span> <span class='ocrx_word' id='word_1_42' title='bbox 1146 648 1200 713; x_wconf 93' lang='lat' dir='ltr'><strong>in-</strong></span> 
     </span>
     <span class='ocr_line' id='line_1_6' title="bbox 147 737 1197 826; baseline -0.003 -21"><span class='ocrx_word' id='word_1_43' title='bbox 147 740 347 826; x_wconf 74' lang='lat' dir='ltr'><strong>egredimur,</strong></span> <span class='ocrx_word' id='word_1_44' title='bbox 370 744 407 803; x_wconf 91' lang='lat' dir='ltr'><strong>ut</strong></span> <span class='ocrx_word' id='word_1_45' title='bbox 429 738 602 823; x_wconf 89' lang='lat' dir='ltr'><strong>aliquando</strong></span> <span class='ocrx_word' id='word_1_46' title='bbox 625 738 835 823; x_wconf 75' lang='lat' dir='ltr'><strong>discedamus,</strong></span> <span class='ocrx_word' id='word_1_47' title='bbox 857 739 916 802; x_wconf 81' lang='lat' dir='ltr'><strong>nec</strong></span> <span class='ocrx_word' id='word_1_48' title='bbox 938 737 1015 802; x_wconf 88' lang='lat' dir='ltr'><strong>lieet</strong></span> <span class='ocrx_word' id='word_1_49' title='bbox 1037 737 1136 802; x_wconf 90' lang='lat' dir='ltr'><strong>nobis</strong></span> <span class='ocrx_word' id='word_1_50' title='bbox 1158 737 1197 802; x_wconf 89' lang='lat' dir='ltr'><strong>in</strong></span> 
     </span>
     <span class='ocr_line' id='line_1_7' title="bbox 109 826 1199 914; baseline -0.004 -20"><span class='ocrx_word' id='word_1_51' title='bbox 109 903 113 914; x_wconf 32' lang='lat'><em>¹</em></span> <span class='ocrx_word' id='word_1_52' title='bbox 172 834 206 894; x_wconf 92' lang='lat' dir='ltr'><strong>te</strong></span> <span class='ocrx_word' id='word_1_53' title='bbox 229 849 293 892; x_wconf 93' lang='lat' dir='ltr'><strong>uno</strong></span> <span class='ocrx_word' id='word_1_54' title='bbox 312 827 508 914; x_wconf 79' lang='lat' dir='ltr'><strong>singularem</strong></span> <span class='ocrx_word' id='word_1_55' title='bbox 530 826 748 892; x_wconf 90' lang='lat' dir='ltr'><strong>condicionem</strong></span> <span class='ocrx_word' id='word_1_56' title='bbox 767 849 831 910; x_wconf 56' lang='lat' dir='ltr'><strong>pro,</strong></span> <span class='ocrx_word' id='word_1_57' title='bbox 845 831 911 891; x_wconf 90' lang='lat' dir='ltr'><strong>tua·</strong></span> <span class='ocrx_word' id='word_1_58' title='bbox 921 826 1078 912; x_wconf 87' lang='lat' dir='ltr'><strong>singulari</strong></span> <span class='ocrx_word' id='word_1_59' title='bbox 1097 826 1199 890; x_wconf 89' lang='lat' dir='ltr'><strong>bene·</strong></span> 
     </span>
     <span class='ocr_line' id='line_1_8' title="bbox 173 914 1200 1002; baseline -0.003 -21"><span class='ocrx_word' id='word_1_60' title='bbox 173 916 302 982; x_wconf 89' lang='lat' dir='ltr'><strong>ficentia</strong></span> <span class='ocrx_word' id='word_1_61' title='bbox 324 915 503 1002; x_wconf 88' lang='lat' dir='ltr'><strong>postulare,</strong></span> <span class='ocrx_word' id='word_1_62' title='bbox 530 915 657 998; x_wconf 89' lang='lat' dir='ltr'><strong>saltem,</strong></span> <span class='ocrx_word' id='word_1_63' title='bbox 685 919 721 979; x_wconf 90' lang='lat' dir='ltr'><strong>ut</strong></span> <span class='ocrx_word' id='word_1_64' title='bbox 745 914 1022 998; x_wconf 89' lang='lat' dir='ltr'><strong>quamdiutissime</strong></span> <span class='ocrx_word' id='word_1_65' title='bbox 1045 918 1078 978; x_wconf 93' lang='lat' dir='ltr'><strong>te</strong></span> <span class='ocrx_word' id='word_1_66' title='bbox 1102 936 1200 998; x_wconf 90' lang='lat' dir='ltr'><strong>prae-</strong></span> 
     </span>
    </p>
   </div>
   <div class='ocr_carea' id='block_1_3' title="bbox 175 1003 1297 1090">
    <p class='ocr_par' dir='ltr' id='par_1_3' title="bbox 175 1003 1297 1090">
     <span class='ocr_line' id='line_1_9' title="bbox 175 1003 1297 1090; baseline -0.004 -20"><span class='ocrx_word' id='word_1_67' title='bbox 175 1009 265 1070; x_wconf 90' lang='lat' dir='ltr'><strong>sente</strong></span> <span class='ocrx_word' id='word_1_68' title='bbox 288 1005 505 1090; x_wconf 74' lang='lat' dir='ltr'><strong>perimamur,</strong></span> <span class='ocrx_word' id='word_1_69' title='bbox 530 1009 562 1069; x_wconf 91' lang='lat' dir='ltr'><strong>et</strong></span> <span class='ocrx_word' id='word_1_70' title='bbox 589 1004 732 1088; x_wconf 89' lang='lat' dir='ltr'><strong>petimus</strong></span> <span class='ocrx_word' id='word_1_71' title='bbox 760 1003 873 1068; x_wconf 90' lang='lat' dir='ltr'><strong>aDeo</strong></span> <span class='ocrx_word' id='word_1_72' title='bbox 896 1003 1061 1088; x_wconf 90' lang='lat' dir='ltr'><strong>supplices</strong></span> <span class='ocrx_word' id='word_1_73' title='bbox 1089 1008 1124 1067; x_wconf 92' lang='lat' dir='ltr'><strong>et</strong></span> <span class='ocrx_word' id='word_1_74' title='bbox 1146 1004 1198 1068; x_wconf 89' lang='lat' dir='ltr'><strong>fu·</strong></span> <span class='ocrx_word' id='word_1_75' title='bbox 1296 1005 1297 1044; x_wconf 67' lang='lat'>³</span> 
     </span>
    </p>
   </div>
   <div class='ocr_carea' id='block_1_4' title="bbox 135 1090 1200 1618">
    <p class='ocr_par' dir='ltr' id='par_1_4' title="bbox 135 1090 1200 1618">
     <span class='ocr_line' id='line_1_10' title="bbox 174 1090 1195 1178; baseline -0.001 -20"><span class='ocrx_word' id='word_1_76' title='bbox 174 1098 284 1158; x_wconf 91' lang='lat' dir='ltr'><strong>turum</strong></span> <span class='ocrx_word' id='word_1_77' title='bbox 307 1115 367 1177; x_wconf 88' lang='lat' dir='ltr'><strong>pro</strong></span> <span class='ocrx_word' id='word_1_78' title='bbox 391 1114 516 1158; x_wconf 89' lang='lat' dir='ltr'><strong>summa</strong></span> <span class='ocrx_word' id='word_1_79' title='bbox 539 1092 607 1158; x_wconf 93' lang='lat' dir='ltr'><strong>eius</strong></span> <span class='ocrx_word' id='word_1_80' title='bbox 630 1114 708 1178; x_wconf 86' lang='lat' dir='ltr'><strong>erga</strong></span> <span class='ocrx_word' id='word_1_81' title='bbox 724 1113 784 1156; x_wconf 88' lang='lat' dir='ltr'><strong>nos</strong></span> <span class='ocrx_word' id='word_1_82' title='bbox 803 1091 974 1157; x_wconf 90' lang='lat' dir='ltr'><strong>clementia</strong></span> <span class='ocrx_word' id='word_1_83' title='bbox 992 1090 1195 1157; x_wconf 85' lang='lat' dir='ltr'><strong>confidimus.</strong></span> 
     </span>
     <span class='ocr_line' id='line_1_11' title="bbox 135 1179 1198 1268; baseline -0.002 -22"><span class='ocrx_word' id='word_1_84' title='bbox 135 1206 162 1247; x_wconf 81' lang='lat' dir='ltr'><strong>ro</strong></span> <span class='ocrx_word' id='word_1_85' title='bbox 175 1203 293 1268; x_wconf 86' lang='lat' dir='ltr'><strong>magna</strong></span> <span class='ocrx_word' id='word_1_86' title='bbox 316 1181 402 1245; x_wconf 89' lang='lat' dir='ltr'><strong>enirn</strong></span> <span class='ocrx_word' id='word_1_87' title='bbox 425 1185 515 1265; x_wconf 93' lang='lat' dir='ltr'><strong>sunt,</strong></span> <span class='ocrx_word' id='word_1_88' title='bbox 542 1201 624 1265; x_wconf 88' lang='lat' dir='ltr'><strong>quae</strong></span> <span class='ocrx_word' id='word_1_89' title='bbox 643 1181 707 1244; x_wconf 90' lang='lat' dir='ltr'><strong>iam</strong></span> <span class='ocrx_word' id='word_1_90' title='bbox 730 1179 902 1266; x_wconf 75' lang='lat' dir='ltr'><strong>inchoasti,</strong></span> <span class='ocrx_word' id='word_1_91' title='bbox 929 1180 1052 1245; x_wconf 88' lang='lat' dir='ltr'><strong>maiora</strong></span> <span class='ocrx_word' id='word_1_92' title='bbox 1074 1185 1198 1265; x_wconf 89' lang='lat' dir='ltr'><strong>tamen,</strong></span> 
     </span>
     <span class='ocr_line' id='line_1_12' title="bbox 176 1268 1200 1355; baseline 0.001 -22"><span class='ocrx_word' id='word_1_93' title='bbox 176 1290 257 1353; x_wconf 93' lang='lat' dir='ltr'><strong>quae</strong></span> <span class='ocrx_word' id='word_1_94' title='bbox 279 1273 387 1333; x_wconf 91' lang='lat' dir='ltr'><strong>mente</strong></span> <span class='ocrx_word' id='word_1_95' title='bbox 410 1268 567 1355; x_wconf 87' lang='lat' dir='ltr'><strong>designas.</strong></span> <span class='ocrx_word' id='word_1_96' title='bbox 612 1268 696 1332; x_wconf 89' lang='lat' dir='ltr'><strong>nihil</strong></span> <span class='ocrx_word' id='word_1_97' title='bbox 718 1268 852 1354; x_wconf 86' lang='lat' dir='ltr'><strong>uulgare</strong></span> <span class='ocrx_word' id='word_1_98' title='bbox 875 1268 1007 1355; x_wconf 81' lang='lat' dir='ltr'><strong>cogitas,</strong></span> <span class='ocrx_word' id='word_1_99' title='bbox 1029 1268 1115 1332; x_wconf 89' lang='lat' dir='ltr'><strong>nihil</strong></span> <span class='ocrx_word' id='word_1_100' title='bbox 1138 1269 1200 1334; x_wconf 92' lang='lat' dir='ltr'><strong>hu·</strong></span> 
     </span>
     <span class='ocr_line' id='line_1_13' title="bbox 175 1355 1199 1443; baseline 0.001 -22"><span class='ocrx_word' id='word_1_101' title='bbox 175 1356 266 1442; x_wconf 91' lang='lat' dir='ltr'><strong>mile,</strong></span> <span class='ocrx_word' id='word_1_102' title='bbox 296 1356 380 1421; x_wconf 92' lang='lat' dir='ltr'><strong>nihil</strong></span> <span class='ocrx_word' id='word_1_103' title='bbox 411 1361 594 1443; x_wconf 87' lang='lat' dir='ltr'><strong>angustum.</strong></span> <span class='ocrx_word' id='word_1_104' title='bbox 644 1355 769 1421; x_wconf 88' lang='lat' dir='ltr'><strong>metiris</strong></span> <span class='ocrx_word' id='word_1_105' title='bbox 806 1356 913 1422; x_wconf 92' lang='lat' dir='ltr'><strong>omnia</strong></span> <span class='ocrx_word' id='word_1_106' title='bbox 944 1361 1002 1421; x_wconf 92' lang='lat' dir='ltr'><strong>tua</strong></span> <span class='ocrx_word' id='word_1_107' title='bbox 1034 1357 1199 1443; x_wconf 84' lang='lat' dir='ltr'><strong>dignitate</strong></span> 
     </span>
     <span class='ocr_line' id='line_1_14' title="bbox 176 1444 1199 1530; baseline 0 -20"><span class='ocrx_word' id='word_1_108' title='bbox 176 1445 286 1530; x_wconf 91' lang='lat' dir='ltr'><strong>potius</strong></span> <span class='ocrx_word' id='word_1_109' title='bbox 318 1467 416 1530; x_wconf 91' lang='lat' dir='ltr'><strong>quarn</strong></span> <span class='ocrx_word' id='word_1_110' title='bbox 450 1444 676 1510; x_wconf 87' lang='lat' dir='ltr'><strong>communibus</strong></span> <span class='ocrx_word' id='word_1_111' title='bbox 703 1445 869 1529; x_wconf 89' lang='lat' dir='ltr'><strong>exemplis.</strong></span> <span class='ocrx_word' id='word_1_112' title='bbox 915 1445 1093 1530; x_wconf 88' lang='lat' dir='ltr'><strong>praeclare,</strong></span> <span class='ocrx_word' id='word_1_113' title='bbox 1129 1467 1199 1511; x_wconf 91' lang='lat' dir='ltr'><strong>non</strong></span> 
     </span>
     <span class='ocr_line' id='line_1_15' title="bbox 177 1533 1197 1618; baseline 0.001 -20"><span class='ocrx_word' id='word_1_114' title='bbox 177 1534 262 1599; x_wconf 89' lang='lat' dir='ltr'><strong>enirn</strong></span> <span class='ocrx_word' id='word_1_115' title='bbox 279 1533 470 1600; x_wconf 88' lang='lat' dir='ltr'><strong>Pontifioiae</strong></span> <span class='ocrx_word' id='word_1_116' title='bbox 493 1534 604 1598; x_wconf 89' lang='lat' dir='ltr'><strong>laudes</strong></span> <span class='ocrx_word' id='word_1_117' title='bbox 626 1533 661 1597; x_wconf 94' lang='lat' dir='ltr'><strong>in</strong></span> <span class='ocrx_word' id='word_1_118' title='bbox 679 1533 901 1599; x_wconf 84' lang='lat' dir='ltr'><strong>mediocritate</strong></span> <span class='ocrx_word' id='word_1_119' title='bbox 925 1539 1111 1618; x_wconf 75' lang='lat' dir='ltr'><strong>uersentur,</strong></span> <span class='ocrx_word' id='word_1_120' title='bbox 1136 1555 1197 1599; x_wconf 86' lang='lat' dir='ltr'><strong>nee</strong></span> 
     </span>
    </p>
   </div>
   <div class='ocr_carea' id='block_1_5' title="bbox 138 1622 1299 1709">
    <p class='ocr_par' dir='ltr' id='par_1_5' title="bbox 138 1622 1299 1709">
     <span class='ocr_line' id='line_1_16' title="bbox 138 1622 1299 1709; baseline 0 -22"><span class='ocrx_word' id='word_1_121' title='bbox 138 1647 163 1687; x_wconf 76' lang='lat' dir='ltr'><strong>re</strong></span> <span class='ocrx_word' id='word_1_122' title='bbox 177 1623 276 1709; x_wconf 90' lang='lat' dir='ltr'><strong>decet,</strong></span> <span class='ocrx_word' id='word_1_123' title='bbox 300 1624 356 1709; x_wconf 90' lang='lat' dir='ltr'><strong>qui</strong></span> <span class='ocrx_word' id='word_1_124' title='bbox 379 1626 542 1708; x_wconf 84' lang='lat' dir='ltr'><strong>potestate</strong></span> <span class='ocrx_word' id='word_1_125' title='bbox 567 1623 740 1688; x_wconf 89' lang='lat' dir='ltr'><strong>ethonore</strong></span> <span class='ocrx_word' id='word_1_126' title='bbox 759 1622 883 1687; x_wconf 91' lang='lat' dir='ltr'><strong>cunetis</strong></span> <span class='ocrx_word' id='word_1_127' title='bbox 900 1622 1088 1688; x_wconf 89' lang='lat' dir='ltr'><strong>hominibus</strong></span> <span class='ocrx_word' id='word_1_128' title='bbox 1107 1627 1198 1688; x_wconf 89' lang='lat' dir='ltr'><strong>ante·</strong></span> <span class='ocrx_word' id='word_1_129' title='bbox 1298 1674 1299 1700; x_wconf 74' lang='lat'><strong>,</strong></span> 
     </span>
    </p>
   </div>
   <div class='ocr_carea' id='block_1_6' title="bbox 177 1710 1228 1974">
    <p class='ocr_par' dir='ltr' id='par_1_6' title="bbox 177 1710 1228 1974">
     <span class='ocr_line' id='line_1_17' title="bbox 177 1710 1203 1798; baseline -0.001 -21"><span class='ocrx_word' id='word_1_130' title='bbox 177 1712 284 1796; x_wconf 85' lang='lat' dir='ltr'><strong>collat,</strong></span> <span class='ocrx_word' id='word_1_131' title='bbox 317 1733 391 1777; x_wconf 91' lang='lat' dir='ltr'><strong>eum</strong></span> <span class='ocrx_word' id='word_1_132' title='bbox 422 1712 464 1776; x_wconf 87' lang='lat' dir='ltr'><strong>ab</strong></span> <span class='ocrx_word' id='word_1_133' title='bbox 497 1711 564 1776; x_wconf 91' lang='lat' dir='ltr'><strong>ullo</strong></span> <span class='ocrx_word' id='word_1_134' title='bbox 595 1710 726 1776; x_wconf 92' lang='lat' dir='ltr'><strong>homine</strong></span> <span class='ocrx_word' id='word_1_135' title='bbox 757 1716 843 1776; x_wconf 91' lang='lat' dir='ltr'><strong>recte</strong></span> <span class='ocrx_word' id='word_1_136' title='bbox 871 1711 988 1798; x_wconf 88' lang='lat' dir='ltr'><strong>agendi</strong></span> <span class='ocrx_word' id='word_1_137' title='bbox 1015 1710 1203 1794; x_wconf 87' lang='lat' dir='ltr'><strong>eupiditate</strong></span> 
     </span>
     <span class='ocr_line' id='line_1_18' title="bbox 178 1798 1228 1885; baseline -0.001 -21"><span class='ocrx_word' id='word_1_138' title='bbox 178 1800 349 1883; x_wconf 90' lang='lat' dir='ltr'><strong>studioque</strong></span> <span class='ocrx_word' id='word_1_139' title='bbox 377 1800 531 1883; x_wconf 91' lang='lat' dir='ltr'><strong>superari.</strong></span> <span class='ocrx_word' id='word_1_140' title='bbox 576 1798 615 1863; x_wconf 90' lang='lat' dir='ltr'><strong>In</strong></span> <span class='ocrx_word' id='word_1_141' title='bbox 642 1803 674 1863; x_wconf 91' lang='lat' dir='ltr'><strong>te</strong></span> <span class='ocrx_word' id='word_1_142' title='bbox 698 1798 812 1885; x_wconf 89' lang='lat' dir='ltr'><strong>igitur,</strong></span> <span class='ocrx_word' id='word_1_143' title='bbox 839 1799 991 1864; x_wconf 87' lang='lat' dir='ltr'><strong>Pontifex</strong></span> <span class='ocrx_word' id='word_1_144' title='bbox 1014 1798 1101 1864; x_wconf 85' lang='lat' dir='ltr'><strong>Max.</strong></span> <span class='ocrx_word' id='word_1_145' title='bbox 1130 1799 1228 1884; x_wconf 89' lang='lat' dir='ltr'><strong>pri·&#39;</strong></span> 
     </span>
     <span class='ocr_line' id='line_1_19' title="bbox 177 1886 1199 1974; baseline 0.003 -23"><span class='ocrx_word' id='word_1_146' title='bbox 177 1909 266 1952; x_wconf 91' lang='lat' dir='ltr'><strong>mum</strong></span> <span class='ocrx_word' id='word_1_147' title='bbox 298 1888 435 1952; x_wconf 87' lang='lat' dir='ltr'><strong>tuendae</strong></span> <span class='ocrx_word' id='word_1_148' title='bbox 467 1890 564 1972; x_wconf 91' lang='lat' dir='ltr'><strong>atque</strong></span> <span class='ocrx_word' id='word_1_149' title='bbox 594 1887 837 1971; x_wconf 87' lang='lat' dir='ltr'><strong>amplificandae</strong></span> <span class='ocrx_word' id='word_1_150' title='bbox 864 1886 1046 1974; x_wconf 77' lang='lat' dir='ltr'><strong>religionier,</strong></span> <span class='ocrx_word' id='word_1_151' title='bbox 1078 1887 1199 1954; x_wconf 88' lang='lat' dir='ltr'><strong>deinde</strong></span> 
     </span>
    </p>
   </div>
   <div class='ocr_carea' id='block_1_7' title="bbox 178 1975 1300 2063">
    <p class='ocr_par' dir='ltr' id='par_1_7' title="bbox 178 1975 1300 2063">
     <span class='ocr_line' id='line_1_20' title="bbox 178 1975 1300 2063; baseline 0.002 -24"><span class='ocrx_word' id='word_1_152' title='bbox 178 1976 247 2040; x_wconf 92' lang='lat' dir='ltr'><strong>eius</strong></span> <span class='ocrx_word' id='word_1_153' title='bbox 275 1976 333 2040; x_wconf 93' lang='lat' dir='ltr'><strong>otii</strong></span> <span class='ocrx_word' id='word_1_154' title='bbox 366 1975 588 2063; x_wconf 88' lang='lat' dir='ltr'><strong>conseruandi,</strong></span> <span class='ocrx_word' id='word_1_155' title='bbox 620 1976 711 2041; x_wconf 91' lang='lat' dir='ltr'><strong>cuius</strong></span> <span class='ocrx_word' id='word_1_156' title='bbox 748 1981 860 2041; x_wconf 84' lang='lat' dir='ltr'><strong>auctor</strong></span> <span class='ocrx_word' id='word_1_157' title='bbox 892 1981 925 2041; x_wconf 93' lang='lat' dir='ltr'><strong>et</strong></span> <span class='ocrx_word' id='word_1_158' title='bbox 959 1980 1068 2041; x_wconf 88' lang='lat' dir='ltr'><strong>custos</strong></span> <span class='ocrx_word' id='word_1_159' title='bbox 1100 1981 1203 2041; x_wconf 87' lang='lat' dir='ltr'><strong>antea.</strong></span> <span class='ocrx_word' id='word_1_160' title='bbox 1299 1991 1300 2010; x_wconf 66' lang='lat'>¹</span> 
     </span>
    </p>
   </div>
   <div class='ocr_carea' id='block_1_8' title="bbox 95 2063 1247 3567">
    <p class='ocr_par' dir='ltr' id='par_1_8' title="bbox 95 2063 1204 2505">
     <span class='ocr_line' id='line_1_21' title="bbox 95 2063 1203 2151; baseline 0 -21"><span class='ocrx_word' id='word_1_161' title='bbox 95 2103 100 2116; x_wconf 93' lang='lat'>·</span> <span class='ocrx_word' id='word_1_162' title='bbox 138 2089 165 2130; x_wconf 84' lang='lat' dir='ltr'><strong>ao</strong></span> <span class='ocrx_word' id='word_1_163' title='bbox 178 2064 279 2151; x_wconf 81' lang='lat' dir='ltr'><strong>suisti,</strong></span> <span class='ocrx_word' id='word_1_164' title='bbox 302 2064 365 2130; x_wconf 90' lang='lat' dir='ltr'><strong>sita</strong></span> <span class='ocrx_word' id='word_1_165' title='bbox 387 2063 491 2128; x_wconf 89' lang='lat' dir='ltr'><strong>omnis</strong></span> <span class='ocrx_word' id='word_1_166' title='bbox 514 2087 589 2149; x_wconf 89' lang='lat' dir='ltr'><strong>spes</strong></span> <span class='ocrx_word' id='word_1_167' title='bbox 612 2069 669 2129; x_wconf 90' lang='lat' dir='ltr'><strong>est.</strong></span> <span class='ocrx_word' id='word_1_168' title='bbox 716 2069 790 2129; x_wconf 89' lang='lat' dir='ltr'><strong>ate</strong></span> <span class='ocrx_word' id='word_1_169' title='bbox 812 2065 949 2130; x_wconf 89' lang='lat' dir='ltr'><strong>honesta</strong></span> <span class='ocrx_word' id='word_1_170' title='bbox 972 2063 1092 2150; x_wconf 91' lang='lat' dir='ltr'><strong>studia,</strong></span> <span class='ocrx_word' id='word_1_171' title='bbox 1121 2087 1141 2128; x_wconf 92' lang='lat' dir='ltr'><strong>a</strong></span> <span class='ocrx_word' id='word_1_172' title='bbox 1163 2071 1203 2130; x_wconf 88' lang='lat' dir='ltr'><strong>te</strong></span> 
     </span>
     <span class='ocr_line' id='line_1_22' title="bbox 178 2152 1202 2240; baseline 0.001 -22"><span class='ocrx_word' id='word_1_173' title='bbox 178 2153 330 2219; x_wconf 89' lang='lat' dir='ltr'><strong>liberales</strong></span> <span class='ocrx_word' id='word_1_174' title='bbox 358 2152 559 2240; x_wconf 87' lang='lat' dir='ltr'><strong>disciplinae,</strong></span> <span class='ocrx_word' id='word_1_175' title='bbox 587 2175 606 2216; x_wconf 90' lang='lat' dir='ltr'><strong>a</strong></span> <span class='ocrx_word' id='word_1_176' title='bbox 631 2157 666 2217; x_wconf 92' lang='lat' dir='ltr'><strong>te</strong></span> <span class='ocrx_word' id='word_1_177' title='bbox 693 2153 765 2237; x_wconf 89' lang='lat' dir='ltr'><strong>ipsa</strong></span> <span class='ocrx_word' id='word_1_178' title='bbox 791 2153 896 2218; x_wconf 87' lang='lat' dir='ltr'><strong>uirtus</strong></span> <span class='ocrx_word' id='word_1_179' title='bbox 919 2157 1108 2219; x_wconf 90' lang='lat' dir='ltr'><strong>ornamenta</strong></span> <span class='ocrx_word' id='word_1_180' title='bbox 1139 2175 1202 2219; x_wconf 88' lang='lat' dir='ltr'><strong>sua</strong></span> 
     </span>
     <span class='ocr_line' id='line_1_23' title="bbox 177 2241 1202 2329; baseline 0 -23"><span class='ocrx_word' id='word_1_181' title='bbox 177 2243 305 2327; x_wconf 88' lang='lat' dir='ltr'><strong>repetit.</strong></span> <span class='ocrx_word' id='word_1_182' title='bbox 351 2246 401 2329; x_wconf 93' lang='lat' dir='ltr'><strong>tu,</strong></span> <span class='ocrx_word' id='word_1_183' title='bbox 434 2243 520 2327; x_wconf 94' lang='lat' dir='ltr'><strong>quod</strong></span> <span class='ocrx_word' id='word_1_184' title='bbox 547 2242 626 2306; x_wconf 88' lang='lat' dir='ltr'><strong>facis</strong></span> <span class='ocrx_word' id='word_1_185' title='bbox 658 2244 690 2306; x_wconf 91' lang='lat' dir='ltr'><strong>et</strong></span> <span class='ocrx_word' id='word_1_186' title='bbox 722 2241 828 2306; x_wconf 88' lang='lat' dir='ltr'><strong>fecisti</strong></span> <span class='ocrx_word' id='word_1_187' title='bbox 861 2242 1004 2328; x_wconf 81' lang='lat' dir='ltr'><strong>egregie,</strong></span> <span class='ocrx_word' id='word_1_188' title='bbox 1035 2246 1202 2326; x_wconf 89' lang='lat' dir='ltr'><strong>perpetuo</strong></span> 
     </span>
     <span class='ocr_line' id='line_1_24' title="bbox 177 2329 1204 2418; baseline 0 -23"><span class='ocrx_word' id='word_1_189' title='bbox 177 2332 285 2415; x_wconf 86' lang='lat' dir='ltr'><strong>facies,</strong></span> <span class='ocrx_word' id='word_1_190' title='bbox 308 2336 345 2396; x_wconf 91' lang='lat' dir='ltr'><strong>ut</strong></span> <span class='ocrx_word' id='word_1_191' title='bbox 368 2354 479 2396; x_wconf 88' lang='lat' dir='ltr'><strong>omnes</strong></span> <span class='ocrx_word' id='word_1_192' title='bbox 497 2335 611 2418; x_wconf 85' lang='lat' dir='ltr'><strong>gentes</strong></span> <span class='ocrx_word' id='word_1_193' title='bbox 635 2329 787 2394; x_wconf 88' lang='lat' dir='ltr'><strong>diuturna</strong></span> <span class='ocrx_word' id='word_1_194' title='bbox 805 2351 893 2417; x_wconf 91' lang='lat' dir='ltr'><strong>pace,</strong></span> <span class='ocrx_word' id='word_1_195' title='bbox 916 2330 1049 2416; x_wconf 91' lang='lat' dir='ltr'><strong>iustitia,</strong></span> <span class='ocrx_word' id='word_1_196' title='bbox 1072 2330 1204 2414; x_wconf 86' lang='lat' dir='ltr'><strong>pietate</strong></span> 
     </span>
     <span class='ocr_line' id='line_1_25' title="bbox 178 2418 1203 2505; baseline 0.002 -23"><span class='ocrx_word' id='word_1_197' title='bbox 178 2419 303 2505; x_wconf 73' lang='lat' dir='ltr'><strong>foueaS,</strong></span> <span class='ocrx_word' id='word_1_198' title='bbox 332 2420 446 2484; x_wconf 91' lang='lat' dir='ltr'><strong>urbem</strong></span> <span class='ocrx_word' id='word_1_199' title='bbox 469 2420 606 2484; x_wconf 89' lang='lat' dir='ltr'><strong>Romam</strong></span> <span class='ocrx_word' id='word_1_200' title='bbox 634 2418 788 2502; x_wconf 90' lang='lat' dir='ltr'><strong>operibus</strong></span> <span class='ocrx_word' id='word_1_201' title='bbox 811 2418 1142 2504; x_wconf 88' lang='lat' dir='ltr'><strong>magnificentissimis</strong></span> <span class='ocrx_word' id='word_1_202' title='bbox 1166 2424 1203 2484; x_wconf 89' lang='lat' dir='ltr'><strong>et</strong></span> 
     </span>
    </p>

    <p class='ocr_par' dir='ltr' id='par_1_9' title="bbox 139 2507 1204 2947">
     <span class='ocr_line' id='line_1_26' title="bbox 139 2507 1201 2593; baseline 0.001 -22"><span class='ocrx_word' id='word_1_203' title='bbox 139 2531 164 2571; x_wconf 79' lang='lat' dir='ltr'><strong>as</strong></span> <span class='ocrx_word' id='word_1_204' title='bbox 179 2527 252 2570; x_wconf 89' lang='lat' dir='ltr'><strong>oum</strong></span> <span class='ocrx_word' id='word_1_205' title='bbox 279 2507 351 2590; x_wconf 92' lang='lat' dir='ltr'><strong>ipsa</strong></span> <span class='ocrx_word' id='word_1_206' title='bbox 380 2507 573 2590; x_wconf 88' lang='lat' dir='ltr'><strong>antiquitate</strong></span> <span class='ocrx_word' id='word_1_207' title='bbox 603 2507 826 2591; x_wconf 87' lang='lat' dir='ltr'><strong>comparandis</strong></span> <span class='ocrx_word' id='word_1_208' title='bbox 854 2529 1002 2593; x_wconf 80' lang='lat' dir='ltr'><strong>oxomae,</strong></span> <span class='ocrx_word' id='word_1_209' title='bbox 1029 2507 1201 2572; x_wconf 89' lang='lat' dir='ltr'><strong>ciuitatem</strong></span> 
     </span>
     <span class='ocr_line' id='line_1_27' title="bbox 178 2593 1202 2680; baseline 0.003 -23"><span class='ocrx_word' id='word_1_210' title='bbox 178 2593 228 2657; x_wconf 88' lang='lat' dir='ltr'><strong>tui</strong></span> <span class='ocrx_word' id='word_1_211' title='bbox 260 2593 541 2680; x_wconf 87' lang='lat' dir='ltr'><strong>studiosissimam,</strong></span> <span class='ocrx_word' id='word_1_212' title='bbox 570 2595 772 2678; x_wconf 89' lang='lat' dir='ltr'><strong>superiorum</strong></span> <span class='ocrx_word' id='word_1_213' title='bbox 799 2599 984 2680; x_wconf 91' lang='lat' dir='ltr'><strong>temporum</strong></span> <span class='ocrx_word' id='word_1_214' title='bbox 1007 2595 1202 2661; x_wconf 89' lang='lat' dir='ltr'><strong>calamitati·</strong></span> 
     </span>
     <span class='ocr_line' id='line_1_28' title="bbox 179 2682 1204 2770; baseline 0.003 -25"><span class='ocrx_word' id='word_1_215' title='bbox 179 2682 242 2746; x_wconf 92' lang='lat' dir='ltr'><strong>bus</strong></span> <span class='ocrx_word' id='word_1_216' title='bbox 274 2682 427 2749; x_wconf 87' lang='lat' dir='ltr'><strong>afflictam</strong></span> <span class='ocrx_word' id='word_1_217' title='bbox 462 2686 621 2766; x_wconf 89' lang='lat' dir='ltr'><strong>perpetua</strong></span> <span class='ocrx_word' id='word_1_218' title='bbox 653 2682 857 2769; x_wconf 82' lang='lat' dir='ltr'><strong>benignitate</strong></span> <span class='ocrx_word' id='word_1_219' title='bbox 888 2705 1025 2770; x_wconf 88' lang='lat' dir='ltr'><strong>recrees,</strong></span> <span class='ocrx_word' id='word_1_220' title='bbox 1057 2683 1204 2768; x_wconf 88' lang='lat' dir='ltr'><strong>denique</strong></span> 
     </span>
     <span class='ocr_line' id='line_1_29' title="bbox 179 2770 1201 2856; baseline 0.002 -21"><span class='ocrx_word' id='word_1_221' title='bbox 179 2770 276 2836; x_wconf 90' lang='lat' dir='ltr'><strong>tollas</strong></span> <span class='ocrx_word' id='word_1_222' title='bbox 304 2770 476 2856; x_wconf 89' lang='lat' dir='ltr'><strong>aliquando</strong></span> <span class='ocrx_word' id='word_1_223' title='bbox 499 2794 539 2836; x_wconf 86' lang='lat' dir='ltr'><strong>ex</strong></span> <span class='ocrx_word' id='word_1_224' title='bbox 567 2770 792 2856; x_wconf 90' lang='lat' dir='ltr'><strong>imperitorum</strong></span> <span class='ocrx_word' id='word_1_225' title='bbox 819 2771 935 2837; x_wconf 90' lang='lat' dir='ltr'><strong>animis</strong></span> <span class='ocrx_word' id='word_1_226' title='bbox 958 2772 1201 2837; x_wconf 89' lang='lat' dir='ltr'><strong>dubitationem</strong></span> 
     </span>
     <span class='ocr_line' id='line_1_30' title="bbox 180 2859 1201 2947; baseline 0.003 -24"><span class='ocrx_word' id='word_1_227' title='bbox 180 2859 278 2945; x_wconf 88' lang='lat' dir='ltr'><strong>illam,</strong></span> <span class='ocrx_word' id='word_1_228' title='bbox 292 2882 375 2944; x_wconf 91' lang='lat' dir='ltr'><strong>quae</strong></span> <span class='ocrx_word' id='word_1_229' title='bbox 388 2859 565 2926; x_wconf 86' lang='lat' dir='ltr'><strong>laudabilia</strong></span> <span class='ocrx_word' id='word_1_230' title='bbox 578 2861 755 2926; x_wconf 89' lang='lat' dir='ltr'><strong>multorum</strong></span> <span class='ocrx_word' id='word_1_231' title='bbox 765 2861 871 2925; x_wconf 88' lang='lat' dir='ltr'><strong>studia</strong></span> <span class='ocrx_word' id='word_1_232' title='bbox 884 2863 1073 2947; x_wconf 88' lang='lat' dir='ltr'><strong>remoratur,</strong></span> <span class='ocrx_word' id='word_1_233' title='bbox 1087 2865 1201 2926; x_wconf 89' lang='lat' dir='ltr'><strong>utrum</strong></span> 
     </span>
    </p>

    <p class='ocr_par' dir='ltr' id='par_1_10' title="bbox 139 2948 1247 3567">
     <span class='ocr_line' id='line_1_31' title="bbox 139 2948 1201 3036; baseline 0.002 -24"><span class='ocrx_word' id='word_1_234' title='bbox 139 2973 166 3012; x_wconf 84' lang='lat' dir='ltr'><strong>ao</strong></span> <span class='ocrx_word' id='word_1_235' title='bbox 180 2970 231 3012; x_wconf 85' lang='lat' dir='ltr'><strong>res</strong></span> <span class='ocrx_word' id='word_1_236' title='bbox 254 2949 410 3014; x_wconf 88' lang='lat' dir='ltr'><strong>maximas</strong></span> <span class='ocrx_word' id='word_1_237' title='bbox 433 2950 564 3014; x_wconf 91' lang='lat' dir='ltr'><strong>fortuna</strong></span> <span class='ocrx_word' id='word_1_238' title='bbox 586 2949 691 3034; x_wconf 90' lang='lat' dir='ltr'><strong>possit</strong></span> <span class='ocrx_word' id='word_1_239' title='bbox 718 2948 788 3013; x_wconf 90' lang='lat' dir='ltr'><strong>sine</strong></span> <span class='ocrx_word' id='word_1_240' title='bbox 815 2949 937 3016; x_wconf 87' lang='lat' dir='ltr'><strong>uirtute</strong></span> <span class='ocrx_word' id='word_1_241' title='bbox 960 2949 1128 3036; x_wconf 86' lang='lat' dir='ltr'><strong>perficere,</strong></span> <span class='ocrx_word' id='word_1_242' title='bbox 1156 2971 1201 3014; x_wconf 88' lang='lat' dir='ltr'><strong>an</strong></span> 
     </span>
     <span class='ocr_line' id='line_1_32' title="bbox 180 3037 1204 3122; baseline 0.003 -22"><span class='ocrx_word' id='word_1_243' title='bbox 180 3037 295 3120; x_wconf 91' lang='lat' dir='ltr'><strong>uirtus,</strong></span> <span class='ocrx_word' id='word_1_244' title='bbox 317 3057 381 3120; x_wconf 91' lang='lat' dir='ltr'><strong>quo</strong></span> <span class='ocrx_word' id='word_1_245' title='bbox 405 3038 586 3122; x_wconf 87' lang='lat' dir='ltr'><strong>contendat,</strong></span> <span class='ocrx_word' id='word_1_246' title='bbox 609 3038 678 3103; x_wconf 88' lang='lat' dir='ltr'><strong>sine</strong></span> <span class='ocrx_word' id='word_1_247' title='bbox 701 3037 831 3102; x_wconf 88' lang='lat' dir='ltr'><strong>fortuna</strong></span> <span class='ocrx_word' id='word_1_248' title='bbox 853 3038 1031 3122; x_wconf 89' lang='lat' dir='ltr'><strong>peruenire.</strong></span> <span class='ocrx_word' id='word_1_249' title='bbox 1073 3038 1113 3101; x_wconf 90' lang='lat' dir='ltr'><strong>de</strong></span> <span class='ocrx_word' id='word_1_250' title='bbox 1132 3059 1204 3121; x_wconf 91' lang='lat' dir='ltr'><strong>quo</strong></span> 
     </span>
     <span class='ocr_line' id='line_1_33' title="bbox 180 3124 1203 3213; baseline 0.003 -25"><span class='ocrx_word' id='word_1_251' title='bbox 180 3124 259 3209; x_wconf 91' lang='lat' dir='ltr'><strong>quid</strong></span> <span class='ocrx_word' id='word_1_252' title='bbox 273 3125 408 3190; x_wconf 88' lang='lat' dir='ltr'><strong>sentires</strong></span> <span class='ocrx_word' id='word_1_253' title='bbox 426 3126 510 3213; x_wconf 91' lang='lat' dir='ltr'><strong>ipse,</strong></span> <span class='ocrx_word' id='word_1_254' title='bbox 525 3126 667 3191; x_wconf 89' lang='lat' dir='ltr'><strong>ostendit</strong></span> <span class='ocrx_word' id='word_1_255' title='bbox 686 3126 750 3190; x_wconf 92' lang='lat' dir='ltr'><strong>iam</strong></span> <span class='ocrx_word' id='word_1_256' title='bbox 764 3126 891 3210; x_wconf 89' lang='lat' dir='ltr'><strong>pridem</strong></span> <span class='ocrx_word' id='word_1_257' title='bbox 909 3126 997 3192; x_wconf 91' lang='lat' dir='ltr'><strong>uitae</strong></span> <span class='ocrx_word' id='word_1_258' title='bbox 1010 3129 1086 3191; x_wconf 91' lang='lat' dir='ltr'><strong>tuae</strong></span> <span class='ocrx_word' id='word_1_259' title='bbox 1100 3126 1203 3211; x_wconf 86' lang='lat' dir='ltr'><strong>ratio;</strong></span> 
     </span>
     <span class='ocr_line' id='line_1_34' title="bbox 178 3214 1202 3301; baseline 0.001 -23"><span class='ocrx_word' id='word_1_260' title='bbox 178 3235 277 3300; x_wconf 91' lang='lat' dir='ltr'><strong>nuno,</strong></span> <span class='ocrx_word' id='word_1_261' title='bbox 304 3218 341 3278; x_wconf 92' lang='lat' dir='ltr'><strong>ut</strong></span> <span class='ocrx_word' id='word_1_262' title='bbox 368 3236 479 3279; x_wconf 89' lang='lat' dir='ltr'><strong>omnes</strong></span> <span class='ocrx_word' id='word_1_263' title='bbox 506 3215 591 3279; x_wconf 91' lang='lat' dir='ltr'><strong>idem</strong></span> <span class='ocrx_word' id='word_1_264' title='bbox 614 3214 768 3301; x_wconf 87' lang='lat' dir='ltr'><strong>sentiant,</strong></span> <span class='ocrx_word' id='word_1_265' title='bbox 800 3215 893 3280; x_wconf 90' lang='lat' dir='ltr'><strong>facile</strong></span> <span class='ocrx_word' id='word_1_266' title='bbox 921 3236 1004 3280; x_wconf 88' lang='lat' dir='ltr'><strong>unus</strong></span> <span class='ocrx_word' id='word_1_267' title='bbox 1031 3218 1202 3299; x_wconf 86' lang='lat' dir='ltr'><strong>praestare</strong></span> 
     </span>
     <span class='ocr_line' id='line_1_35' title="bbox 179 3301 1205 3390; baseline 0.001 -23"><span class='ocrx_word' id='word_1_268' title='bbox 179 3307 272 3387; x_wconf 91' lang='lat' dir='ltr'><strong>potes</strong></span> <span class='ocrx_word' id='word_1_269' title='bbox 294 3301 446 3369; x_wconf 88' lang='lat' dir='ltr'><strong>restituta</strong></span> <span class='ocrx_word' id='word_1_270' title='bbox 463 3303 508 3376; x_wconf 85' lang='lat' dir='ltr'><strong>iis</strong></span> <span class='ocrx_word' id='word_1_271' title='bbox 522 3303 647 3369; x_wconf 88' lang='lat' dir='ltr'><strong>artibus</strong></span> <span class='ocrx_word' id='word_1_272' title='bbox 667 3303 834 3390; x_wconf 89' lang='lat' dir='ltr'><strong>dignitate,</strong></span> <span class='ocrx_word' id='word_1_273' title='bbox 856 3325 937 3389; x_wconf 88' lang='lat' dir='ltr'><strong>quae</strong></span> <span class='ocrx_word' id='word_1_274' title='bbox 960 3308 993 3368; x_wconf 90' lang='lat' dir='ltr'><strong>te</strong></span> <span class='ocrx_word' id='word_1_275' title='bbox 1011 3302 1111 3368; x_wconf 86' lang='lat' dir='ltr'><strong>talem</strong></span> <span class='ocrx_word' id='word_1_276' title='bbox 1129 3307 1205 3368; x_wconf 88' lang='lat' dir='ltr'><strong>tan-</strong></span> 
     </span>
     <span class='ocr_line' id='line_1_36' title="bbox 139 3392 1205 3479; baseline 0.002 -25"><span class='ocrx_word' id='word_1_277' title='bbox 139 3395 313 3476; x_wconf 78' lang='lat' dir='ltr'><strong>ostumque</strong></span> <span class='ocrx_word' id='word_1_278' title='bbox 339 3394 497 3479; x_wconf 78' lang='lat' dir='ltr'><strong>fecerumt,</strong></span> <span class='ocrx_word' id='word_1_279' title='bbox 524 3397 574 3479; x_wconf 88' lang='lat' dir='ltr'><strong>ut,</strong></span> <span class='ocrx_word' id='word_1_280' title='bbox 597 3392 708 3477; x_wconf 88' lang='lat' dir='ltr'><strong>quales</strong></span> <span class='ocrx_word' id='word_1_281' title='bbox 735 3393 825 3476; x_wconf 89' lang='lat' dir='ltr'><strong>ipsae</strong></span> <span class='ocrx_word' id='word_1_282' title='bbox 849 3396 1050 3477; x_wconf 87' lang='lat' dir='ltr'><strong>quantaeque</strong></span> <span class='ocrx_word' id='word_1_283' title='bbox 1081 3396 1205 3478; x_wconf 85' lang='lat' dir='ltr'><strong>essent,</strong></span> 
     </span>
     <span class='ocr_line' id='line_1_37' title="bbox 181 3480 1247 3567; baseline 0.002 -25"><span class='ocrx_word' id='word_1_284' title='bbox 181 3500 242 3562; x_wconf 89' lang='lat' dir='ltr'><strong>ope</strong></span> <span class='ocrx_word' id='word_1_285' title='bbox 256 3484 313 3545; x_wconf 91' lang='lat' dir='ltr'><strong>tua</strong></span> <span class='ocrx_word' id='word_1_286' title='bbox 327 3482 496 3567; x_wconf 89' lang='lat' dir='ltr'><strong>studioque</strong></span> <span class='ocrx_word' id='word_1_287' title='bbox 511 3504 622 3548; x_wconf 93' lang='lat' dir='ltr'><strong>omnes</strong></span> <span class='ocrx_word' id='word_1_288' title='bbox 636 3480 788 3545; x_wconf 84' lang='lat' dir='ltr'><strong>mortales</strong></span> <span class='ocrx_word' id='word_1_289' title='bbox 802 3481 1029 3567; x_wconf 85' lang='lat' dir='ltr'><strong>intelligerent.</strong></span> <span class='ocrx_word' id='word_1_290' title='bbox 1060 3480 1204 3564; x_wconf 84' lang='lat' dir='ltr'><strong>[Romae</strong></span> <span class='ocrx_word' id='word_1_291' title='bbox 1244 3553 1247 3560; x_wconf 38' lang='grc'>,</span> 
     </span>
    </p>
   </div>
   <div class='ocr_carea' id='block_1_9' title="bbox 179 3565 356 3654">
    <p class='ocr_par' dir='ltr' id='par_1_11' title="bbox 179 3565 356 3654">
     <span class='ocr_line' id='line_1_38' title="bbox 179 3565 356 3654; baseline 0.011 -23"><span class='ocrx_word' id='word_1_292' title='bbox 179 3565 356 3654; x_wconf 75' lang='lat' dir='ltr'><strong>norun]</strong></span> 
     </span>
    </p>
   </div>
   <div class='ocr_carea' id='block_1_10' title="bbox 580 3660 793 3667">
    <p class='ocr_par' dir='ltr' id='par_1_12' title="bbox 580 3660 793 3667">
     <span class='ocr_line' id='line_1_39' title="bbox 580 3660 793 3667; baseline -0.005 0"><span class='ocrx_word' id='word_1_293' title='bbox 580 3660 793 3667; x_wconf 76' lang='lat'>—--——</span> 
     </span>
    </p>
   </div>
   <div class='ocr_carea' id='block_1_11' title="bbox 0 0 1310 3890">
    <p class='ocr_par' dir='ltr' id='par_1_13' title="bbox 0 0 1310 3890">
     <span class='ocr_line' id='line_1_40' title="bbox 0 0 1310 3890; baseline 0 1"><span class='ocrx_word' id='word_1_294' title='bbox 0 0 1310 3890; x_wconf 95' lang='lat' dir='ltr'><strong> </strong></span> 
     </span>
    </p>
   </div>
  </div>
 </body>
</html>
