2578 3896
366 177 439 234 xvi
467 175 822 233 uentosissimum
1056 178 1100 244 33

80 342 204 430 magis,
241 341 318 406 dum
354 339 522 404 emendare
554 343 724 424 conantum
760 338 864 404 multa
830 339 1099 423 texplanando

79 434 330 534 peruertunte
313 426 611 528 etpulche'rrimas
643 449 739 511 saepe
771 427 948 494 sententias
980 429 1099 514 turpis-

76 520 174 586 simis
192 517 380 586 inscientiae
398 515 561 617 maculis
551 515 730 600 mquinant
773 515 861 592 Quae
880 538 931 582 me
950 517 977 581 it
978 540 997 583 a
1016 540 1099 583 com·

81 613 189 674 mouit
216 605 445 760 ιιιιιιιιιιιιιι,Ι
436 609 547 689 itaque
574 627 682 671 meum
709 605 865 690 animum,
894 608 932 670 ιιι
955 627 1030 670 uere
1053 607 1098 671 di·

79 721 170 782 cam,
188 696 322 762 miserat
322 694 354 759 io
378 693 534 779 quaedam
556 694 677 780 affecit,
701 693 792 778 quasi
816 694 858 759 ob
882 693 1058 759 illatam
1027 717 1128 769 uiros

82 749 212 870 optiino
246 782 439 884 egregieque
472 781 510 846 de
541 781 597 848 litt
566 782 661 848 tteris
690 782 820 868 merito,
853 781 1011 868 Ciceroni,
1044 784 1100 867 qui

82 875 250 940 Romanae
288 871 444 938 terminos
481 870 683 954 eloquentiae
723 835 912 957 longissime
952 871 1100 956 protulit,

82 961 384 1117 {matari
402 959 672 1132 odilelital
672 959 1100 1134 affulselitnlalildlud

80 1139 217 1206 omnino
241 1161 292 1204 res
315 1138 425 1224 exiget
447 1136 556 1222 spatii,
578 1137 612 1202 in
635 1137 697 1202 hoe
715 1136 859 1202 omnium
881 1137 1099 1221 pulcherrimo
1114 1169 1141 1210 ιο

82 1229 171 1294 libro
191 1226 434 1312 interpretando
453 1224 672 1292 studiosorum
690 1225 795 1312 gratia
814 1247 1008 1292 consumere.
1033 1248 1100 1292 ιιοιι

84 1316 176 1401 quod
199 1339 259 1402 ego
283 1315 312 1383 is
339 1315 414 1394 sim,
445 1313 501 1399 qui
528 1314 608 1380 mihi
636 1319 764 1381 tantum
792 1336 953 1400 arrogem,
984 1319 1020 1380 ut
1047 1316 1098 1382 de·

84 1409 225 1473 tractam
247 1404 319 1471 aliis
338 1403 489 1469 scientiae
507 1402 636 1468 laudem
654 1403 695 1467 ad
713 1425 765 1467 me
783 1405 987 1468 transferam:
1006 1405 1099 1470 abest

83 1495 150 1558 hoe
168 1516 187 1557 a
205 1493 434 1559 consuetudine
453 1514 533 1574 mea,
551 1492 644 1556 abest
662 1514 681 1555 a
699 1495 814 1556 natura
832 1491 1017 1574 plurimum.
1044 1492 1100 1557 sed

82 1603 194 1665 neque
211 1604 321 1647 rursus
344 1581 372 1646 is
396 1603 476 1665 sum,
499 1580 565 1665 qui,
587 1602 661 1645 cum
680 1583 804 1646 eeteros
822 1578 925 1663 probe
943 1579 1098 1663 nouerim,
1113 1607 1140 1652 15

81 1671 159 1756 ipse
186 1692 237 1736 me
260 1692 393 1755 prorsus
421 1669 570 1756 ignorem
596 1673 629 1734 et
653 1667 722 1753 qui,
752 1689 825 1732 oum
852 1666 933 1732 alios
955 1667 1099 1734 incusem

81 1759 368 1844 proptereaque
390 1780 458 1824 non
475 1761 641 1842 praestant
664 1779 710 1841 ea,
732 1777 814 1841 quae
836 1757 878 1821 ab
900 1778 1011 1822 eorum
1034 1760 1099 1821 stu-

80 1848 139 1912 dio
159 1848 377 1932 postulantur,
401 1869 462 1934 ego
485 1868 549 1929 me,
573 1846 601 1912 si
624 1845 703 1931 quid
721 1850 885 1930 praestare
904 1868 999 1930 posse
1018 1845 1098 1912 mihi

82 1936 211 2020 uideor,
235 1935 334 2002 uelim
356 1940 568 2001 contemnere.
609 1957 674 2000 non
697 1935 745 2000 ita
766 1934 895 2000 laudem
913 1934 1013 2021 fugio,
1037 1935 1098 2000 etsi

81 2047 145 2090 nec
167 2024 265 2090 nimis
287 2028 417 2126 appeto.
458 2023 596 2088 alterum
618 2023 769 2108 stupidae
791 2022 956 2090 cuiusdam
975 2024 1099 2108 sapien·
1113 2052 1141 2094 ιι

80 2113 165 2197 tiae,
192 2113 365 2178 alterum
356 2135 487 2178 msanae
515 2134 584 2178 esse
611 2111 800 2178 ambitionis
827 2110 945 2176 uitium
972 2133 1100 2212 semper

83 2201 175 2266 durii.
229 2223 334 2286 neque
370 2223 462 2286 uero,
498 2201 525 2265 si
559 2200 636 2285 quid
667 2200 746 2264 mihi
779 2200 908 2285 elegant
909 2199 1099 2264 ioribusin

78 2290 205 2358 litteris
234 2312 451 2374 assumpsero,
486 2289 584 2375 longe
617 2289 788 2354 admodum
819 2287 861 2351 ab
893 2287 935 2350 iis
968 2287 1098 2372 finibus,

81 2400 169 2463 quos
191 2378 366 2444 modestiae
389 2379 472 2442 ratio
496 2376 702 2462 praescribit,
726 2375 886 2441 discedere
909 2375 989 2440 milri
1013 2375 1098 2440 uide-

83 2469 157 2532 bor.
198 2467 260 2532 scis
282 2471 332 2551 tu,
358 2465 446 2551 Aeli,
475 2489 535 2550 pro
561 2468 673 2532 nostra
696 2468 804 2529 uetere
832 2463 975 2529 amicitia
998 2469 1030 2529 et
1053 2466 1097 2530 fa·
1111 2493 1138 2536 as

82 2554 287 2638 miliaritate,
319 2577 377 2639 per
407 2559 487 2640 quot
517 2576 632 2638 annos,
664 2553 784 2638 quibus
812 2552 980 2618 laboribus
1010 2555 1097 2636 haee,

80 2665 169 2728 quae
193 2642 234 2707 ab
257 2644 458 2709 humanitate
480 2665 599 2708 nomen
622 2646 824 2727 acceperrmt,
846 2641 954 2708 studia
972 2664 1100 2727 semper

80 2731 249 2798 coluerim.
295 2732 418 2798 sciebat
446 2732 569 2816 optime
597 2731 740 2796 omnium
769 2735 802 2795 et
828 2730 923 2814 mihi,
951 2753 1024 2796 eum
1052 2731 1097 2795 ui·

83 2824 191 2904 neret,
219 2821 281 2886 hoe
309 2820 440 2886 nomine
467 2820 635 2885 tribuebat
662 2819 852 2904 plurimum,
881 2819 1098 2884 Bernardinus

82 2909 221 2974 Maffeus
245 2908 436 2994 Cardinalis,
463 2931 554 2974 meus
582 2908 636 2973 ille
664 2909 699 2974 in
726 2907 814 2974 omni
842 2907 922 2972 mihi
950 2906 1018 2972 uita
1046 2906 1096 2971 de·
1111 2936 1138 2977 ιο

80 2997 210 3063 flendus
247 2997 396 3082 Maffeus,
433 2997 533 3063 Vrbis
574 2996 718 3083 deliciae,
758 2996 863 3081 lepor,
904 2995 1097 3080 humanitas

82 3085 272 3170 exemplum
299 3086 425 3171 antiqui
454 3086 566 3170 officii,
592 3087 653 3151 flos
682 3084 826 3150 omnium
856 3085 1024 3152 uirtutum.
1069 3086 1098 3151 is

81 3175 217 3240 amabat
250 3175 329 3240 heae
364 3175 470 3240 studia
500 3137 633 3242 mirifice
666 3195 782 3258 eaque,
816 3175 935 3259 quibus
969 3178 1097 3259 poterat

83 3263 184 3329 rebus
211 3261 355 3350 (poterat
378 3268 487 3329 autem
509 3260 728 3350 plurimis),t
714 3263 928 3340 tuebaturet
951 3263 1092 3328 fouebat.

85 3353 169 3418 bene
200 3355 309 3416 eutem
338 3352 378 3417 de
406 3353 480 3435 hac,
513 3373 731 3452 quaecumque
762 3350 796 3416 in
825 3352 920 3417 nobis
950 3353 1013 3433 est,
985 3348 1098 3414 tuel
1111 3376 1139 3419 ιι

84 3446 144 3524 pot
145 3440 198 3506 ius
222 3441 521 3541 ‘quantulacumque
552 3444 614 3526 est,
586 3440 717 3505 ttLa
692 3444 779 3505 tinae
813 3438 968 3504 orationis
1000 3399 1097 3504 iacul-

82 3534 154 3594 tete
177 3527 386 3594 existimabat
372 3534 524 3613 tmeque
548 3528 701 3614 quotidie,
725 3530 882 3611 quantum
900 3531 1097 3611 possem,ut

138 3641 164 3684 Ρ.
177 3643 280 3686 Μιιιιιιιι
293 3643 406 3694 epistulae
420 3636 526 3686 selectae.
868 3634 885 3683 8
