2578 3896
333 227 434 284 XVIII.
461 226 507 282 Ad
525 227 674 284 Altonaum
693 225 831 284 Carafam.
1046 227 1088 293 37

70 391 255 478 corrigendi
286 391 385 456 finem
416 391 545 474 feceris,
576 388 743 476 nimirum,
774 412 857 475 quae
887 396 1089 477 supererunt,

70 505 90 545 a
118 485 152 544 te
186 480 295 545 omnia
325 479 467 565 probari.
514 502 615 544 unum
644 483 735 564 peto:
768 479 810 544 sit
843 480 987 546 condicio
1020 503 1088 564 par.

70 571 128 635 des
151 569 248 654 mihi,
275 572 313 633 ut
334 568 421 634 idam
443 568 539 634 liceat
562 590 621 653 per
643 573 690 652 te,
718 569 804 652 quod
826 568 921 634 licere
945 569 1008 634 tibi
1031 591 1089 654 per

71 681 124 723 me
148 659 232 723 uolo.
279 656 405 742 siquid
427 679 489 744 ego
512 657 551 722 dc
580 656 647 722 tuis
670 657 785 722 itidem
807 666 873 723 non
896 658 1088 742 probaucro,

69 747 140 812 noli
158 746 290 833 graium
309 746 513 812 commoneri.
551 745 728 812 iudjcemus
747 747 879 831 pariter,
902 768 963 832 ego
988 746 1026 810 de
1045 752 1087 829 tc,
1113 768 1128 810 a

70 841 108 900 tu
140 835 178 900 de
210 858 275 923 me,
305 839 412 900 utram
442 835 476 900 in
508 839 635 919 partem
667 835 758 900 libet.
804 858 947 902 amemus
979 839 1090 900 tamen

70 925 157 990 inter
183 947 256 1010 nos,
289 928 327 990 ιιι
354 923 433 989 boni
460 923 524 989 uiri
553 923 667 989 solent.
712 927 758 1008 et,
791 924 818 989 si
846 924 925 1009 quid
951 924 1088 990 fortasse

70 1014 111 1078 de
141 1012 273 1099 iudicio,
303 1013 387 1078 nihil
418 1017 527 1078 tamen
560 1012 598 1077 de
632 1012 827 1079 beneuolent
828 1012 859 1078 ia
891 1013 1040 1080 detrahat
1041 1035 1088 1078 ur.

70 1102 205 1203 Libros,
238 1123 319 1186 quoa
351 1106 407 1203 pet
408 1101 449 1187 is,
481 1101 587 1166 habco
616 1099 724 1167 nullos
758 1099 909 1167 Cicerone
942 1105 1088 1185 excepto.

70 1212 132 1255 nec
156 1191 225 1256 eius
248 1191 376 1277 generis
394 1213 480 1256 nunc
499 1189 662 1275 quidcmt
648 1189 711 1254 tibi
730 1190 906 1275 quidquam
924 1190 1088 1274 polliceor.
1103 1212 1135 1253 ιο

72 1301 155 1364 quae
174 1301 252 1344 uero
270 1280 342 1364 ipse
361 1279 613 1380 composuerim,
625 1279 738 1380 paucis
756 1280 922 1346 mensibus
941 1279 1089 1365 habebis,

70 1369 100 1433 si
132 1367 265 1454 ualebo,
302 1368 568 1434 commentarium
605 1368 639 1433 in
671 1368 827 1453 epistolas
859 1369 900 1434 ad
932 1367 1089 1444 Quintum

69 1459 267 1522 fratremet
252 1456 416 1522 tlibrum
443 1456 482 1521 de
505 1456 635 1543 legibus
662 1457 817 1541 romania,
847 1457 902 1542 qui
931 1461 981 1522 est
1008 1457 1089 1524 anti·

71 1546 238 1630 quitatum
273 1567 418 1612 mearum
453 1549 573 1610 sextus
620 1544 658 1608 de
688 1543 842 1610 Sextiana
878 1545 1023 1614 oratione
1060 1544 1088 1608 si

69 1634 229 1718 scriptam
251 1635 427 1700 contuleris
450 1657 523 1699 cum
545 1633 713 1718 impressa,
736 1655 882 1718 quaeque
905 1632 976 1698 loca
999 1633 1088 1698 uaria
1103 1653 1128 1694 ιι

70 1727 163 1808 sunt,
187 1723 327 1807 miseris,
350 1724 466 1789 amabo
491 1729 524 1787 te
546 1723 644 1806 idque
667 1727 705 1787 ut
727 1723 840 1808 facias,
863 1744 952 1809 rogo.
997 1721 1088 1805 Vaie,

68 1811 220 1878 Venetiis
244 1809 631 1898 IMDLVI-MDLVH).

473 2052 686 2062 ——--—-—

523 2253 638 2322 XVIII.

338 2394 395 2460 Ad
417 2395 623 2462 Alfonsum
648 2393 822 2460 Carafam

203 2500 366 2568 Antonii
393 2501 633 2568 Marchionis
660 2501 907 2589 Montisbelli
935 2503 956 2567 f,
1103 2527 1130 2567 ιο

70 2610 106 2674 in
134 2630 213 2674 suos
242 2605 496 2675 Commentarios
522 2607 684 2676 Ciceronis
711 2607 935 2693 Epistularum
960 2605 1003 2673 ad
1030 2607 1088 2686 Qu.

414 2715 546 2780 fratrem
571 2725 751 2792 (Praaf.X1).

162 2854 197 2922 si
228 2877 286 2920 suo
317 2876 463 2940 quaeque
493 2879 545 2922 res
575 2857 691 2922 merito
718 2855 927 2941 penderetur,
953 2817 1089 2924 AIfonse

72 2944 202 3030 Carasa,
232 2943 400 3010 hominum
431 2944 555 3012 esset
546 2969 581 3010 m
610 2944 732 3012 uirtute
761 2945 970 3047 uigilantium
999 2969 1089 3032 prae-

70 3034 159 3098 clara
187 3031 346 3117 condicio,
376 3037 566 3121 contraque,
596 3056 678 3120 quos
705 3056 819 3100 auersa
845 3034 1011 3100 aratione
1034 3059 1089 3102 uo·
1104 3061 1130 3102 ιι

69 3123 182 3188 luntas
212 3122 253 3186 ad
281 3122 463 3188 malost
412 3127 463 3187 art
464 3145 498 3188 ea
529 3127 562 3187 et
588 3123 751 3210 flagitiosa
779 3122 913 3190 consilia
940 3125 1090 3210 traducit,

70 3233 144 3276 cum
182 3209 224 3274 iis
259 3211 400 3294 pessime
440 3233 568 3296 semper
604 3216 755 3298 ageretur
792 3234 966 3297 corumque
1003 3176 1090 3276 docti

71 3298 223 3383 exemplo
248 3299 376 3384 sapient
376 3299 428 3364 ius
452 3299 566 3365 deinde
590 3300 645 3364 alii
668 3323 734 3368 non
757 3301 852 3366 modo
876 3301 952 3385 suis,
975 3320 1089 3365 uerum

71 3389 171 3454 etiam
189 3387 332 3472 publicis
350 3388 533 3454 rationibus
552 3389 827 3456 consulerentt
801 3389 913 3487 iidem
934 3387 1029 3469 enim,
1052 3391 1134 3451 ut
1133 3464 1135 3472 J

71 3499 88 3542 e
121 3476 285 3561 corruptis
317 3477 497 3543 seminibus
534 3477 671 3542 uitiosae
703 3479 826 3564 fruges,
863 3474 909 3540 sic
940 3496 960 3538 a
992 3474 1086 3540 malis
1101 3497 1130 3538 ac

70 3565 231 3650 exemplis
266 3564 418 3650 improba
451 3565 558 3633 studia
593 3571 626 3631 ct
662 3588 681 3630 a
712 3526 931 3629 laudabilibus
964 3565 1022 3644 opt
1023 3561 1089 3625 ima
