2578 3896
302 189 427 246 xxxin
450 168 683 248 lemanem
703 192 883 252 (thalarium.
1054 197 1097 262 69

70 375 191 421 omnes
214 352 403 440 intelligunt
426 357 459 419 et
477 353 549 419 aliis
568 353 631 420 alia
653 356 843 440 probantur.
881 380 942 445 ego
961 359 1098 426 formam

69 448 108 509 et
133 441 316 529 artificium,
338 464 404 508 non
426 443 595 509 materiam
618 445 715 529 cupio
739 467 851 512 emere.
888 447 937 512 De
960 447 1026 513 tuis
1048 447 1099 514 ln-

69 533 145 598 stit.
178 531 232 618 egi
259 530 446 618 diligenter:
478 531 627 598 hortatus
653 555 725 599 sum
761 534 842 600 lucri
874 535 1007 602 maximi
1039 560 1097 622 spe

73 619 257 706 proposita.
302 619 361 685 ubi
388 621 429 684 ad
451 621 594 706 pretium
615 627 750 688 uentum
774 627 832 710 est,
855 624 965 690 audire
988 646 1022 690 se
1044 648 1098 691 ne

75 713 208 796 ganamt.
244 708 354 793 itaque
372 709 436 774 tibi
455 714 568 776 auctor
585 732 657 776 sum
675 733 749 778 oum
767 711 808 778 iis
826 713 996 800 transigas,
1016 734 1097 798 quos
1124 735 1138 776 c

71 797 190 863 faciles
217 797 282 863 iam
309 797 455 863 habuisti
483 802 516 863 et
543 799 578 864 in
601 804 658 865 tuo
681 801 798 867 merito
821 802 910 890 satis,
933 807 970 867 ut
993 802 1098 886 audio,

74 886 238 952 liberales.
285 885 374 952 Vale.
397 886 545 953 Venetiis
569 887 777 976 [MDLVIH]

482 1137 695 1148 ——-.

517 1329 731 1396 ΜΠ,

172 1468 231 1536 Aa
252 1421 480 1536 Michaeam
503 1469 739 1538 anisianum
764 1472 1004 1542 cardinalem

76 1579 115 1642 in
132 1577 257 1642 librum
275 1575 314 1642 de
332 1575 495 1642 locutione
514 1575 576 1644 Dei
590 1576 782 1644 Academiae
796 1578 939 1644 Venetae
957 1580 1095 1646 nomine.
1111 1611 1137 1651 ιο

481 1680 582 1751 (aaa
596 1681 695 1752 xxc.)

168 1807 290 1873 Rerum
312 1807 525 1872 humanarum
548 1807 665 1894 exitus,
688 1831 785 1894 quam
803 1808 893 1875 uaria
911 1809 976 1876 sint
994 1809 1097 1876 homi·

73 1919 157 1962 num
189 1894 338 1980 consilia,
370 1894 540 1961 declarant.
588 1896 675 1982 quod
701 1897 728 1962 si
757 1898 829 1983 quis
858 1899 940 1965 bene
964 1899 1097 1988 cogitat,

75 1983 235 2070 sequitur,
258 1987 294 2051 ut
317 1984 402 2048 idem
420 1983 626 2051 laudabiliter
644 1991 728 2073 agat.
770 1992 857 2053 reete
875 1992 984 2055 autem
1002 2011 1097 2076 agen·

75 2079 147 2140 tem
179 2072 262 2138 nihil
290 2094 442 2157 umquam
474 2073 698 2161 frustrabitur,
730 2075 813 2140 nihil
850 2075 949 2142 fallet.
995 2075 1096 2143 Decet
1112 2104 1137 2146 ra

75 2163 182 2250 igitur
204 2183 264 2228 nos
287 2161 411 2246 optima
434 2183 492 2247 spe
514 2163 576 2227 niti
599 2162 834 2249 admodumque
852 2163 953 2250 firma,
977 2165 1097 2248 quibus

76 2252 115 2316 in
139 2249 302 2316 condenda
329 2254 426 2335 atque
454 2250 653 2317 instituenda
675 2250 848 2317 Academia
875 2256 986 2317 nostra
1013 2252 1097 2317 nihil

77 2343 210 2426 praeter
227 2339 289 2404 Dei
307 2338 446 2424 gloriam
464 2343 496 2404 et
515 2361 718 2406 communem
735 2339 903 2405 hominum
921 2339 1097 2406 utilitatem

77 2427 286 2515 propositum
303 2427 374 2494 fuit.
410 2426 525 2513 Neque
544 2450 621 2494 uero
645 2427 788 2494 actiones
806 2432 945 2514 nostrae,
967 2433 1004 2495 ut
1027 2453 1098 2516 spe-

76 2537 202 2602 ramus,
232 2515 388 2582 eiusmodi
417 2521 524 2603 erunt,
556 2521 593 2582 ut
619 2518 702 2582 hano
729 2517 770 2583 ad
793 2518 933 2603 optimas
955 2541 1006 2606 res
1030 2520 1096 2585 ani·
1111 2545 1138 2586 eo

78 2626 208 2671 morum
225 2609 411 2671 nostrorum
428 2604 678 2690 propensionem
696 2607 849 2694 ambigue
863 2607 982 2693 aliquis
1000 2608 1098 2674 inter-

77 2694 203 2780 pretari
236 2697 292 2760 aut
326 2693 361 2758 in
389 2693 524 2758 dubium
552 2716 703 2760 reuocare
735 2695 848 2780 possit.
898 2701 1098 2781 apparantur

80 2781 227 2867 quotidie
250 2803 375 2848 summa
402 2803 478 2846 oure
506 2787 539 2847 et
566 2782 701 2849 edentur
727 2805 746 2848 a
773 2783 870 2849 nobis
893 2784 1003 2850 diuina
1026 2785 1098 2851 doc-

78 2871 168 2936 trina
181 2870 302 2957 referti,
321 2871 376 2958 qui
390 2870 547 2955 pietatem
565 2893 602 2936 ac
619 2871 811 2959 religionem
829 2871 1097 2961 complectuntur,

78 3063 201 3119 miseris.
230 3063 317 3118 aliam
333 3061 473 3118 rationem
491 3062 586 3134 inibis,
605 3063 748 3134 tutiorem,
766 3067 800 3120 ut
818 3079 908 3136 spero,
927 3065 999 3122 mihi
1012 3069 1098 3137 certe,

79 3149 276 3202 quaecumque
302 3132 364 3203 erit,
391 3133 553 3204 gratiorem.
580 3165 613 3176 -
641 3136 754 3190 6‘cum
780 3136 815 3192 iis
841 3137 932 3192 mansi
953 3140 1007 3208 ae',
1034 3157 1097 3195 cum

78 3204 234 3275 Episcopio
252 3204 404 3275 transigas.
420 3237 453 3248 -
469 3211 485 3260 ‘1
503 3207 568 3276 post
588 3204 742 3261 ‘liberales’
763 3206 794 3262 in
811 3226 854 3278 pr.
873 3207 917 3264 ed.
933 3155 1097 3280 legebatur:

80 3275 238 3332 Sturmium
257 3276 351 3330 seluta
368 3275 439 3332 meis
458 3275 553 3332 uerbis
573 3292 692 3346 eumque
710 3276 852 3333 communi
869 3278 1030 3334 litterarum
1047 3293 1097 3332 no-

79 3347 159 3404 mine
183 3345 277 3403 exeita
300 3347 337 3402 ad
357 3346 546 3406 scribendum.
580 3347 700 3415 utinam,
718 3352 856 3431 quantum
874 3349 965 3418 ualet,
984 3350 1098 3403 tantum

80 3417 163 3472 uelit.
200 3417 306 3488 optime
323 3417 516 3473 consuleretur
530 3417 632 3473 studiis
646 3420 758 3488 nostrus,
778 3419 884 3488 optime
904 3417 990 3473 etiam
1007 3417 1097 3488 ipsius

77 3488 199 3614 glogua.
237 3505 323 3559 quam
341 3488 365 3544 si
383 3489 447 3544 uult
470 3505 530 3544 esse
550 3489 768 3558 amplissimam,
787 3488 887 3556 habet,
906 3487 982 3543 unde
1001 3504 1098 3544 conse-

77 3575 139 3628 qua
154 3577 193 3615 nr.
