2578 3896
186 211 230 276 22
556 209 615 266 XIL
634 209 708 266 vido
727 210 827 271 Fabro.

180 371 318 439 Bunello
335 376 448 438 nostro
466 393 635 459 nauemus,
652 377 690 437 ut
709 372 797 438 illius
814 393 934 438 nomen
952 372 1207 439 immortalitate

181 461 406 548 dignissimum
440 461 588 548 extingui
619 462 750 527 mortali
782 483 855 527 cum
890 483 1025 547 corpore
1059 483 1129 527 non
1164 465 1208 528 si-

180 572 303 616 namus.
341 550 428 635 quod
450 550 599 635 equidem
622 550 726 616 enitar
753 555 786 615 et
808 550 951 616 hominis
973 549 1054 614 mihi
1078 552 1209 617 amicis-

181 639 264 725 simi,
287 639 403 705 summi
420 638 484 704 uiri
507 639 704 723 memoriam,
727 638 754 704 si
778 639 874 704 modo
898 639 926 704 is
949 661 1010 725 ego
1034 661 1122 726 sum,
1146 641 1208 724 qui

154 732 309 793 stantum
336 731 501 812 praestare
529 727 666 813 possim,
695 728 842 811 profecto
869 728 910 791 ab
939 727 1076 792 interitu
1097 728 1207 793 uindi-

181 818 270 882 eabo.
314 817 410 882 uideo
433 820 467 881 te
490 816 525 880 in
542 816 608 881 tuis
627 815 747 881 litteris
770 815 855 881 idem
877 815 971 901 uelle,
993 838 1052 882 neo
1076 816 1207 902 dubito,

182 906 261 991 quin
279 905 394 990 possis.
430 926 505 969 nam
525 909 559 970 et
576 903 750 970 Bunellum
769 925 857 969 amas
875 908 1041 970 mortuum
1060 908 1093 970 et
1112 906 1207 970 uales

179 993 1071 1170 ttttltcttettttttettltttttl
1093 1015 1205 1168 (ιίῗῖξ

144 1193 170 1233 11
185 1172 271 1257 quod
298 1193 370 1237 cum
398 1170 485 1254 apud
512 1170 593 1236 alios
615 1170 788 1236 laudabilis
811 1170 951 1236 maxime
975 1171 1050 1256 erit,
1078 1171 1203 1237 illustri

180 1259 330 1343 exemplo
358 1259 481 1345 gratiae
509 1259 707 1346 referendae,
738 1263 810 1324 tum
841 1259 882 1324 ad
913 1259 1038 1325 animos
1070 1265 1204 1326 nostros

179 1370 288 1413 amore
311 1347 552 1435 coniungendos
579 1353 774 1432 aeternaque
800 1348 1036 1414 necessitudine
1066 1349 1203 1437 conglu-

179 1437 330 1502 tinandos
361 1437 436 1521 plus
466 1437 575 1503 ualere
606 1436 689 1502 nihil
712 1440 830 1521 potest.
875 1437 1014 1522 Reliqua
1044 1442 1139 1504 erant
1166 1439 1202 1502 in

180 1526 318 1611 epistola
345 1530 402 1592 tua
433 1525 604 1614 magnifica
632 1525 788 1610 quaedam
820 1531 853 1590 et
883 1526 1048 1613 eleganter
1076 1526 1202 1611 scripta

140 1635 166 1678 15
179 1617 219 1682 de
241 1615 393 1681 laudibus
412 1615 557 1699 parentis
580 1615 653 1700 mei,
673 1636 755 1699 quae
777 1613 948 1680 uerissima
966 1615 1081 1700 fateor,
1105 1638 1202 1699 quae-

179 1705 252 1770 dam
276 1705 374 1769 etiam
396 1704 435 1768 de
457 1726 509 1768 mc
531 1704 619 1789 ipsc,
647 1725 728 1788 quae
751 1725 818 1768 non
841 1725 990 1790 agnosco.
1035 1725 1113 1768 nam
1138 1704 1201 1770 etsi
1274 1781 1275 1788 ἵ

178 1793 251 1878 tibi,
276 1791 481 1857 nobilissimo
509 1791 705 1857 adolescenti
732 1791 845 1856 multis
874 1813 940 1856 non
968 1791 1073 1857 solum
1098 1793 1202 1859 fortu-

177 1902 248 1965 nae,
271 1879 448 1945 sedetiam
469 1883 604 1945 natiuae
634 1880 863 1965 doctrinaeque
891 1880 987 1946 bonis
1015 1885 1133 1948 ornato
1160 1887 1201 1966 et,

180 1969 266 2054 quod
284 1973 384 2053 eaput
402 1972 460 2055 est,
482 1968 615 2034 uirtutis
634 1969 765 2054 amanti,
783 1969 911 2053 placere
930 1969 1069 2034 maxime
1088 1971 1202 2056 uelim,

141 2063 291 2124 notamen
314 2057 390 2142 quia
416 2078 511 2123 nemo
539 2057 643 2122 adhuc
667 2080 687 2122 a
708 2080 760 2123 me
782 2058 845 2123 hoe
867 2058 1074 2144 impetrauit,
1096 2063 1135 2123 ut
1162 2082 1199 2124 ea

177 2147 258 2214 mihi
277 2146 495 2234 adsciscerem,
514 2168 595 2232 quae
614 2169 685 2212 mea
697 2168 765 2212 non
783 2150 900 2232 essent,
918 2151 1039 2232 patere,
1059 2147 1198 2214 obsecro
1273 2161 1274 2206 i

175 2242 225 2323 te,
253 2236 291 2303 de
319 2259 371 2302 me
399 2236 472 2320 ipso
501 2235 582 2301 mihi
609 2235 719 2319 potius
746 2257 798 2300 me
826 2236 967 2321 credere,
996 2257 1094 2320 quam
1125 2237 1198 2302 tibi.

180 2327 265 2410 quod
288 2325 316 2391 si
339 2324 493 2409 cupidum
516 2347 585 2391 esse
601 2324 707 2389 laudis
728 2323 857 2389 laudem
880 2346 949 2389 esse
971 2325 1033 2410 uis,
1055 2324 1123 2390 isto
1147 2348 1200 2390 me

178 2414 255 2478 licet
275 2414 406 2479 nomine
424 2436 490 2479 non
513 2417 709 2499 contemnas,
733 2412 820 2498 quod
843 2435 889 2498 ea,
913 2434 995 2498 quae
1016 2412 1143 2478 habent
1169 2415 1201 2497 ii,

139 2521 166 2564 as
182 2501 238 2586 qui
261 2500 441 2566 laudabiles
463 2501 634 2586 ducuntur,
657 2523 718 2587 ego
741 2501 852 2567 eadem
879 2505 918 2566 ut
940 2501 1094 2567 haberem
1119 2525 1201 2569 sem·

181 2611 240 2674 per
257 2589 413 2654 laboraui.
451 2589 507 2653 sed
525 2589 587 2655 scis
602 2589 686 2654 uelle
704 2594 738 2653 et
755 2591 909 2674 perficere
928 2611 995 2656 non
1013 2589 1099 2656 idem
1120 2613 1200 2658 esse.

179 2678 318 2744 alterum
341 2676 502 2764 contingit
528 2677 654 2763 multis,
677 2678 814 2744 alterum
841 2679 1011 2744 dumtaxat
1034 2679 1089 2766 iis,
1118 2703 1202 2765 quos

180 2767 225 2832 dii
249 2766 383 2853 diligere
406 2770 571 2850 putantur.
608 2789 746 2852 quorum
765 2790 825 2854 ego
844 2771 877 2833 te
900 2767 935 2832 in
951 2789 1097 2854 numero,
1117 2769 1203 2853 opti·
1271 2785 1272 2832 ζ

180 2879 231 2922 me
254 2855 351 2941 Vide,
379 2855 557 2940 praestanti
583 2861 700 2921 natura
726 2855 924 2941 praeditum,
951 2856 1082 2921 Bunelli
1111 2879 1203 2942 prae·

139 2965 167 3006 so
180 2945 284 3029 ceptis
307 2945 529 3029 informatum,
548 2945 673 3010 confido
696 2945 789 3010 facile
807 2946 962 3012 futurum.
989 2944 1080 3009 Vale.
1097 2945 1204 3011 Vene

180 3033 244 3098 tiis.
268 3031 446 3098 MDXLVI.
