2610 3890
605 395 640 460 a.

163 499 166 506 ’
262 538 333 603 Ριο
352 536 406 602 iv.
442 537 630 603 Pontifici
653 536 816 604 Maximo
841 547 928 617 (un,
946 549 979 614 1).

113 733 116 739 .
206 679 291 758 Quid
313 683 369 744 ant
371 701 408 744 ea
355 678 533 744 ttdeli
534 679 613 745 teris
640 701 676 744 ao
703 680 798 744 bonis
821 680 947 745 artibus
970 679 1054 745 exist
1055 680 1132 746 ima-

111 768 213 854 neria,
235 769 292 834 Pie
311 767 375 854 IV,
397 768 490 833 Pont.
468 767 608 854 ι.Μιιι,
631 790 728 852 quam
751 790 879 853 semper
901 767 1001 834 fueris
1023 769 1132 834 hodie-

109 881 180 944 que
208 856 252 923 sis
279 857 395 922 adeas
423 861 508 922 exort
485 856 607 922 tandas
626 856 858 941 ornandasque
881 857 1043 942 praeclare
1067 858 1132 922 ani-
1159 881 1171 922 s

112 951 234 1032 matus,
257 949 290 1010 et
312 967 423 1010 omnes
446 943 660 1029 iampridem
682 950 801 1010 norunt
824 949 941 1032 etego
965 946 1131 1031 superiore

111 1058 203 1102 anno
227 1057 298 1100 sum
320 1037 483 1120 expertus,
506 1055 579 1098 oum
602 1056 640 1097 eo
663 1055 715 1097 me
743 1034 876 1099 consilio
900 1035 1037 1100 Romam
1059 1057 1132 1101 euo-

112 1123 208 1209 casti,
221 1127 259 1188 ut
272 1144 379 1187 sacros
393 1122 566 1206 praecipue
579 1120 682 1186 libros
696 1123 737 1186 ab
757 1109 992 1188 haereticorum
1010 1124 1132 1190 nefaria

116 1176 210 1314 pestd
240 1211 382 1276 uindicat
368 1214 420 1275 tos
449 1211 575 1278 ederem
608 1232 705 1294 quam
736 1210 847 1277 liceret
833 1212 1132 1278 temendatissime

113 1300 189 1367 et
180 1323 215 1366 ιιι
242 1301 303 1364 hac
329 1299 468 1385 elegant
459 1299 537 1364 1oris
565 1299 643 1364 olim
675 1300 837 1365 doctrinae
869 1307 1003 1386 parente
1035 1306 1174 1387 atquem

114 1389 240 1474 altrice,
262 1410 347 1454 nunc
370 1387 554 1452 diuinorum
576 1387 801 1453 institutorum
823 1390 955 1454 custode
985 1413 1022 1455 ac
1044 1413 1134 1475 prae

118 1479 188 1544 side
202 1477 292 1542 Vrbe
307 1481 501 1561 perpetuum
519 1497 608 1541 meae
622 1475 710 1540 uitae
725 1476 923 1542 domicilium
937 1478 1133 1543 collocarem.

114 1590 193 1632 oum
216 1566 278 1630 ista
300 1569 408 1630 mente
431 1565 556 1649 istaque
579 1564 620 1628 ad
638 1565 721 1628 bene
739 1565 900 1650 agendum
918 1565 1134 1650 propensione

115 1677 279 1722 summam
310 1657 506 1738 potestatem
537 1652 705 1718 coniunxit
731 1652 833 1739 Deus,
864 1675 930 1718 non
961 1653 1067 1719 solum
1098 1658 1135 1718 ut

117 1742 345 1828 impendentes
375 1741 469 1827 Reip.
498 1741 698 1808 Christianae
730 1741 929 1807 calamitates
962 1746 1174 1828 auerteros,1s

117 1831 207 1918 quod
230 1855 249 1896 a
271 1835 304 1896 te
327 1831 432 1896 curari
455 1830 585 1918 egregio
610 1834 707 1915 atque
730 1830 815 1896 effici
843 1853 954 1897 omnes
982 1832 1135 1918 fatentur,

116 1943 234 1986 uerum
257 1920 356 1985 etiam
382 1924 420 1984 ut
446 1941 465 1984 a
487 1919 620 2004 publica
643 1941 718 1984 cura
741 1919 851 1985 oculos
878 1919 1041 1986 interdum
1063 1943 1136 1987 eon·

118 2014 264 2076 uerteres
283 2009 323 2073 ad
341 2008 450 2093 priuat
452 2030 544 2073 orum
561 2008 771 2094 incommoda,
794 2030 895 2093 caque
910 2031 983 2074 oum
1001 2010 1136 2088 uideres,

119 2120 219 2183 opem
241 2098 371 2162 afferres
398 2119 465 2162 non
486 2119 546 2181 pro
569 2097 724 2182 cuiusque
746 2060 897 2183 libidine,
924 2098 980 2162 sed
1007 2119 1067 2182 pro
1090 2099 1137 2162 iu-

118 2186 204 2252 dicio
219 2208 256 2250 ao
274 2186 402 2270 sapient
402 2185 433 2250 ia
456 2190 520 2251 t.ua
557 2185 636 2250 haec
653 2208 704 2250 me
718 2185 874 2272 cogitatio
887 2149 948 2250 'diu
962 2189 1136 2272 norontem,
1150 2208 1177 2248 ao

119 2298 161 2344 ne
189 2275 421 2359 appe'Haret
381 2274 436 2340 litt
422 2275 500 2339 teris
526 2273 705 2339 Maximum
733 2271 854 2338 Christi
828 2272 1056 2355 tVicarium,
1083 2295 1136 2338 ex·

119 2365 296 2429 cubantem
318 2363 425 2428 animo
450 2385 578 2447 semper
600 2385 660 2446 pro
684 2361 802 2428 Christ
778 2366 884 2427 t1anae
907 2361 1000 2445 Reip
1024 2361 1137 2446 salute,

120 2451 302 2537 impudent
293 2474 342 2516 ιιι
370 2456 482 2536 posset
510 2451 664 2536 adscribi,
695 2451 737 2514 ab
771 2449 907 2535 ancipiti
934 2450 1068 2516 consilio
1097 2413 1138 2516 ad

119 2546 244 2606 certam
267 2540 460 2606 sententiam
483 2539 648 2606 reuocauit
671 2538 849 2624 efficitque,
870 2543 914 2604 ut
937 2561 974 2604 ea
997 2539 1137 2606 scribere

120 2629 258 2694 audeam
276 2651 358 2713 quae
376 2651 417 2694 ne
436 2650 543 2694 coram
561 2651 699 2715 agerem,
721 2627 889 2694 maiestate
908 2633 965 2694 tua
988 2629 1138 2714 primum,
1152 2649 1178 2690 as

121 2718 237 2783 deinde
270 2717 368 2783 etiam
404 2717 527 2801 pudore
564 2719 703 2802 quodam
740 2739 811 2781 meo
848 2739 920 2781 sum
956 2717 1137 2783 deterritus.

121 2807 242 2872 Totum
265 2806 327 2871 hoc
349 2805 556 2890 imprimendi
579 2829 709 2890 munus,
737 2805 823 2890 quod
845 2804 926 2868 mihi
954 2808 1028 2868 ate
1052 2826 1139 2868 man·

121 2896 235 2960 datum
253 2917 313 2978 pro
332 2916 404 2959 mea
421 2894 484 2958 fide
502 2916 588 2979 curo,
611 2895 689 2960 duas
708 2894 809 2958 habet
827 2895 949 2978 partes:
973 2891 1138 2976 publicam

121 3006 234 3068 unam,
262 3005 343 3067 quae
366 2983 407 3047 ad
429 2997 632 3048 communem
659 2982 839 3048 animorum
865 2980 1042 3047 utilitatem
1068 3003 1139 3066 per·

121 3073 216 3156 tinet,
237 3076 275 3136 ut
298 3094 316 3135 e
338 3070 437 3136 sacris
459 3070 553 3137 libris
576 3071 719 3137 maculae
743 3093 854 3137 omnes
877 3071 1040 3157 eluantur;
1062 3071 1179 3136 altero

121 3183 193 3227 ram
216 3160 393 3245 priuatam,
416 3164 453 3224 ut
476 3182 514 3224 ea
536 3160 616 3224 mihi
639 3159 770 3225 interim
794 3164 984 3244 suppetant,
1007 3181 1088 3244 quae
1111 3159 1139 3223 si

122 3249 243 3332 absint,
262 3270 387 3314 mecum
402 3253 523 3334 etcum
537 3248 617 3314 meis
636 3254 751 3335 agatur
769 3248 1011 3313 incommodius
1047 3246 1139 3324 Quod

122 3339 164 3402 ad
186 3337 331 3422 priorem
353 3337 479 3423 attinet,
502 3338 640 3403 facerem
659 3341 855 3422 arroganter,
879 3336 906 3436 si
929 3335 992 3399 tibi
1015 3339 1140 3400 tantam

121 3423 968 3604 {mettensisubstrahatis
986 3427 1140 3596 lttttss
