2578 3896
193 182 238 246 46
502 182 575 240 xix.
605 145 759 253 mipene
777 181 898 238 astensi.

195 341 302 408 studia
325 343 526 408 commendat
549 344 765 431 eloquentiae,
788 345 823 409 in
847 345 967 429 quibus
991 367 1052 432 ego
1076 367 1136 429 per
1159 350 1208 410 tot

196 452 311 518 66666,
340 430 465 496 utinam
494 454 567 497 cum
598 432 705 517 aliqua
734 433 841 519 laude,
871 455 990 520 magno
1021 438 1108 498 certe
1139 456 1209 499 cum

195 520 307 585 labore
335 541 458 603 uersor,
486 521 688 587 commendat
716 521 825 608 simul,
853 522 963 606 paullo
991 526 1100 587 tamen
1124 545 1210 587 uere-

196 608 345 694 cundius,
375 631 410 674 se
437 609 546 693 ipsum
574 614 607 674 61
634 610 765 696 uigilias
792 633 894 695 meas,
922 633 1058 696 quarum
1086 612 1210 676 fructus

168 697 277 765 smihi
299 698 365 764 erit
391 697 573 764 uberrimus
601 702 672 763 turn
699 699 928 764 beneuolentiae
955 705 1026 764 tum
1054 698 1208 764 iudicium

196 792 296 852 tuum.
350 786 503 864 Quaesini
541 787 671 853 omnino
708 787 806 871 idque
842 788 923 855 mihi
960 788 1103 872 primurn
1140 786 1211 873 fuit,

196 875 398 960 posteritatis
434 875 624 963 utilitatem,
660 875 748 962 quod
780 880 831 940 est
862 877 1034 962 proprium
1069 876 1208 942 familiae

194 968 336 1049 nostrae3
369 964 426 1030 sed
455 964 489 1029 in
518 969 552 1029 16
584 964 692 1049 ipsum
724 965 835 1052 616661,
866 987 939 1032 oum
970 965 1046 1030 huic
1079 987 1209 1050 operam

196 1053 426 1119 commentario
449 1053 571 1137 darem,
598 1053 752 1137 spectaui.
797 1058 834 1118 tu
857 1054 886 1120 si
908 1054 1029 1140 probas
1052 1076 1102 1139 ea,
1130 1075 1210 1139 quae

150 1169 176 1209 ro
195 1141 314 1206 litteris
327 1141 529 1226 mandamus,
548 1142 576 1206 si
590 1142 680 1207 faues
694 1142 870 1208 industriae
884 1143 1072 1228 optimeque
1091 1146 1125 1207 te
1144 1163 1209 1207 esse

197 1230 375 1295 animatum
402 1251 480 1316 erga
507 1251 578 1294 mea
605 1230 712 1295 studia
739 1231 915 1318 significas:
946 1253 1007 1317 ego
1035 1254 1102 1316 me,
1131 1251 1208 1318 quae

198 1337 323 1382 summa
351 1321 439 1405 sunt,
467 1318 575 1383 omnia
603 1323 810 1387 consecutum
838 1321 972 1404 putabo.
1020 1318 1211 1402 [MDLVIll

597 1595 809 1604 ---—-

661 1831 746 1898 m.

196 1971 414 2056 Hippolyto
442 1973 600 2038 Estensi
629 1972 827 2039 cardinali
854 1973 1069 2039 Ferrariam
1096 1975 1208 2056 (111,1).

158 2149 184 2192 15
286 2113 390 2179 Valde
408 2136 460 2179 me
478 2114 601 2181 leuauit
619 2116 654 2180 in
672 2116 732 2180 hac
745 2137 818 2180 mea
836 2115 915 2180 satis
933 2115 1079 2202 grauiter
1097 2116 1209 2180 affecta

197 2203 382 2269 ualetudine
406 2203 543 2270 oratoris
564 2204 674 2289 uestri,
691 2203 883 2289 Hieronymi
901 2203 1015 2290 Faleti,
1039 2203 1102 2269 uiri
1121 2225 1206 2288 prae·

197 2293 324 2377 stantia,
346 2293 459 2358 oratio.
499 2293 555 2379 qui
579 2316 653 2359 curn
675 2314 854 2358 sermonem
877 2292 958 2358 mihi
976 2292 1143 2358 Ferrariae
1166 2297 1206 2357 te·

198 2404 271 2446 curn
284 2382 434 2446 habitum
448 2382 653 2466 exposuisset
666 2381 842 2468 multaque,
860 2386 899 2447 ut
912 2381 1003 2468 solet,
1022 2381 1061 2445 16
1077 2380 1205 2468 ingenio
1264 2423 1265 2454 ,

197 2473 254 2536 tuo
278 2468 448 2555 singulari,
471 2470 510 2534 16
538 2491 663 2535 summa
690 2470 851 2556 grauitate
874 2491 911 2536 ac
938 2469 1113 2554 sapientia,
1134 2491 1207 2534 non·

157 2585 184 2625 so
197 2557 287 2622 nulla
301 2557 399 2621 etiam
413 2557 452 2621 16
467 2561 523 2621 166
535 2577 739 2642 nequaquam
753 2580 772 2622 6
785 2580 847 2644 me,
865 2563 903 2624 ut
916 2559 1089 2643 audieram,
1107 2557 1208 2622 aliena

198 2645 366 2710 uoluntate
395 2650 570 2732 narrasset,
602 2645 674 2730 cepi
704 2647 875 2732 laetitiam,
908 2650 1062 2732 quantam
1092 2645 1207 2731 aliquis

198 2757 238 2800 ex
261 2734 425 2819 insperata
448 2738 666 2819 exoptataque
692 2756 728 2799 re
757 2757 872 2820 capere
899 2735 1073 2800 maximam
1096 2734 1206 2819 possit,
1263 2785 1264 2794 ,

197 2845 349 2909 measque
372 2823 483 2888 statim
506 2845 575 2890 esse
603 2828 712 2908 partes
736 2824 827 2908 duxi,
855 2827 892 2888 ut
915 2824 955 2888 ad
977 2829 1010 2889 16
1034 2823 1204 2888 scriberem
1263 2799 1264 2881 l

197 2933 390 2999 ageremque
408 2911 539 2999 gratias,
562 2913 649 2996 6661
667 2913 702 2976 16
720 2935 757 2978 66
775 2912 856 2998 loco,
875 2912 959 2978 unde
977 2934 1028 2977 me
1048 2911 1206 2996 depellere

158 3027 184 3069 6
197 3002 328 3066 fortuna
353 3004 535 3085 conaretur,
561 3003 619 3066 tua
646 3023 697 3066 me
723 3000 878 3066 retineret
905 3000 1098 3066 humanitas.
1145 3019 1205 3084 666

199 3111 274 3156 sane
297 3088 378 3154 mihi
400 3088 483 3154 nihil
506 3089 664 3175 optatius,
690 3088 773 3154 nihil
795 3089 857 3155 hoc
880 3094 1040 3174 tempore,
1067 3110 1142 3155 cum
1163 3088 1204 3152 in·

197 3179 309 3244 firmus
331 3177 483 3265 langueo,
512 3178 552 3242 ad
580 3178 723 3244 animum
749 3199 857 3244 meum
885 3177 1131 3244 sustentandum
1154 3199 1204 3260 op·
1262 3159 1263 3199 ¹

198 3268 370 3351 portunius
393 3267 502 3351 potuit
525 3266 675 3332 accidere.
721 3271 818 3351 atque
846 3267 994 3352 equidem
1020 3266 1068 3332 ita
1092 3271 1205 3345 statue,

199 3359 307 3420 actum
337 3376 406 3419 esse
436 3376 562 3419 mecum
591 3355 707 3419 misere
737 3376 871 3441 prorsus
901 3360 998 3441 atque
1028 3354 1204 3434 infeliciter,

158 3467 186 3507 66
200 3443 285 3525 6661
312 3465 417 3508 meam
444 3443 484 3507 ad
510 3448 543 3508 te
571 3442 721 3508 ueniendi
750 3444 960 3528 cupiditatem
987 3443 1204 3508 incredibilem
1261 3459 1262 3519 1

197 3530 384 3613 pestilentia
413 3532 568 3621 primurn,
598 3531 711 3598 deinde
742 3531 875 3596 morbus
903 3531 1088 3616 impedierit
1116 3535 1149 3596 et
1175 3529 1204 3594 in
