2610 3890
201 215 268 280 134
525 211 620 265 LXIV.
644 208 744 264 Ioanni
762 207 888 264 (11110111.

200 383 312 444 tamen
338 374 534 459 aequitatem
561 372 660 438 animi
693 372 764 437 mei.
814 370 860 436 rei
894 369 1088 435 domesticae
1120 369 1229 437 iactu·

201 489 286 552 ram,
317 484 535 549 quaecumque
563 466 625 549 est,
652 460 746 525 facile
768 460 851 545 fero,
877 458 1019 523 libenter
1042 457 1227 548 dissimulo,

203 555 244 620 do
264 575 404 638 operam,
427 557 464 616 ut
483 550 669 635 obliuiscar3
692 549 780 634 quod
797 547 964 632 antiquam
983 547 1088 612 colere
1111 547 1227 634 fruga-

201 643 338 727 litatem,
362 641 448 726 quod
466 640 556 704 illam
574 661 675 723 paruo
700 641 898 720 contentam,
922 636 1066 701 omnium
1088 635 1226 701 laudam

174 745 188 786 ⁶
203 733 315 802 darum
330 730 448 794 artium
462 732 630 813 parentem
644 726 852 810 altricemque
863 724 1066 808 disciplinam
1079 725 1224 790 retinere

202 842 309 907 cogar,
327 841 393 883 11011
411 817 538 882 irascor.
576 820 609 881 et
626 816 709 880 hane
728 816 834 899 ipsam
847 815 915 879 fore
930 813 1092 878 crederem
1105 812 1224 879 liberis

202 908 283 974 meis
296 929 362 972 non
374 905 640 972 contemnendam
653 904 873 969 hereditatem.
909 901 955 967 At
973 903 1076 968 multa
1094 902 1224 972 desunt.

202 998 275 1085 Ego
300 996 408 1061 deesse
431 995 512 1059 mihi
537 994 713 1079 quidquam
735 1014 832 1079 nego,
861 991 974 1056 abesse
997 991 1100 1056 multa
1124 993 1223 1056 confi·

203 1091 283 1171 teor,
307 1107 389 1169 quae
412 1088 521 1149 tamen
544 1083 623 1167 ipsa,
644 1083 679 1146 ni
702 1081 806 1165 fallor,
830 1080 986 1146 eiusmodi
1010 1084 1094 1165 sunt,
1117 1086 1170 1166 ut,
1193 1080 1221 1144 si

164 1189 190 1228 1⁰
203 1175 293 1260 large
318 1176 504 1256 suppetant,
524 1171 628 1236 nihilo
651 1171 727 1234 fiam
750 1168 877 1254 melior,
905 1169 932 1234 si
955 1169 1065 1233 absint
1087 1169 1222 1252 penitus

204 1267 261 1326 aut
283 1262 311 1326 si
333 1259 467 1324 minima
489 1259 569 1344 sint,
596 1258 690 1322 sicuti
717 1263 806 1344 sunt,
833 1257 935 1322 nihilo
964 1257 1110 1322 deterior.
1158 1280 1221 1344 ego

205 1349 292 1434 quod
314 1347 355 1412 ad
377 1347 460 1412 hanc
484 1345 640 1412 iacturam
664 1346 791 1432 attinet,
814 1345 990 1430 tranquillo
1014 1346 1092 1410 satis
1111 1344 1220 1411 animo

204 1461 288 1504 sum:
316 1436 373 1501 illa
399 1459 451 1501 me
475 1435 543 1500 dies
565 1439 739 1519 noctesque
763 1439 874 1521 uexat,
900 1435 957 1499 illa
983 1435 1064 1499 mihi
1088 1434 1222 1518 penitus
1296 1515 1297 1520 ἵ

203 1527 322 1592 insidet
344 1525 518 1610 haeretque
538 1546 622 1611 cura,
645 1524 740 1609 quod,
763 1523 790 1588 si
809 1545 905 1607 quem
924 1523 1030 1588 studia
1047 1545 1120 1588 mea
1139 1525 1222 1588 fruc-
1296 1571 1297 1610 ,

164 1629 190 1671 1⁶
204 1621 275 1683 tum
305 1616 402 1702 ferre,
434 1615 461 1679 si
494 1613 572 1698 quid
603 1613 743 1697 posteris
775 1612 933 1677 industria
964 1633 1035 1676 mea
1067 1612 1222 1696 prodesse
1296 1629 1297 1662 1

204 1705 335 1790 poterit,
358 1703 392 1768 id
414 1703 549 1787 periisse
570 1705 678 1767 toturn
700 1722 737 1765 ao
760 1701 865 1785 perire
889 1701 1033 1785 quotidie
1051 1701 1156 1787 magis
1174 1701 1224 1765 in-

204 1794 328 1879 telligo.
383 1791 472 1856 Haec
504 1795 580 1855 sunt
610 1812 682 1854 mea
718 1789 923 1875 detrimenta,
956 1789 1080 1874 optime
1115 1788 1222 1874 Grato,

204 1886 302 1965 atque
330 1880 455 1945 utinam
482 1901 554 1943 mea
580 1882 708 1944 tantum
736 1883 850 1944 essent.
896 1878 1013 1943 ferrem
1036 1877 1166 1944 facilius
1190 1883 1223 1942 et

205 1991 335 2055 quoquo
355 1967 450 2033 modo
470 1967 562 2052 quasi
582 1967 726 2032 fouerem
741 1989 777 2032 ac
795 1967 954 2032 mollirem
978 1966 1105 2032 dolores
1123 1990 1222 2032 meos.

164 2069 291 2124 2⁰nunc
314 2057 401 2143 quod
428 2055 559 2140 publico
583 2056 706 2120 tamdiu
737 2056 903 2121 commodo
933 2055 1104 2142 defuerim,
1133 2057 1223 2140 quod

205 2148 308 2212 iacere
341 2145 448 2211 studia
479 2166 551 2210 mea
578 2167 639 2229 per
665 2167 765 2209 annos
793 2144 915 2230 decem,
943 2144 1029 2228 quod
1052 2144 1222 2230 ingenium

203 2237 358 2323 languere
382 2235 443 2300 sim
471 2255 600 2320 passus„
630 2233 717 2317 quod
740 2232 877 2317 denique
904 2233 1123 2298 fundamentis
1146 2234 1222 2298 adu-

204 2325 377 2391 lescentiae
405 2323 569 2407 praeclare
597 2321 691 2386 iactis
718 2326 807 2387 aetas
829 2321 961 2408 grauior
983 2322 1223 2405 exspectationi

203 2436 270 2478 non
297 2410 513 2497 responderit,
540 2411 574 2475 id
602 2433 674 2475 cum
701 2411 864 2497 recordor,
891 2431 993 2495 paene
1025 2415 1116 2475 totus
1149 2410 1222 2496 ipse
1295 2473 1296 2480 ,

163 2519 190 2561 aa
204 2500 285 2566 mihi
309 2500 463 2583 displiceo
487 2504 529 2584 et,
552 2522 747 2584 quamquam
770 2500 866 2584 culpa
889 2521 1013 2585 uacem,
1035 2521 1086 2563 me
1110 2505 1224 2564 tamen
1295 2505 1296 2576 ,

204 2588 301 2672 culpa
323 2605 389 2652 11011
411 2586 529 2672 libero,
557 2588 613 2652 sed
637 2589 730 2671 quasi
758 2589 936 2654 communis
964 2609 1093 2652 caussae
1117 2589 1224 2653 deser-

204 2682 309 2744 torem
336 2697 459 2741 accuso.
510 2697 575 2740 una
601 2676 796 2761 relinquitur
827 2678 862 2742 in
889 2699 997 2742 amore
1024 2681 1081 2741 tuo
1111 2699 1224 2742 conso-

202 2766 349 2868 latioet,
372 2765 399 2830 si
422 2764 505 2829 nihil
524 2768 705 2866 praestares
724 2764 826 2866 aliud,
843 2766 904 2830 hoc
923 2766 995 2867 ipsq
1014 2770 1125 2830 tamen
1149 2788 1223 2868 0011-

204 2855 328 2941 1011111,
344 2855 431 2939 quod
449 2853 644 2941 aegntudrnr
658 2875 747 2917 meae
763 2876 881 2919 socram
896 2877 929 2919 se
944 2856 1099 2941 adiungat
1118 2877 1224 2941 aegn.
1295 2881 1296 2947 ,

162 2961 191 3006 ao
205 2943 283 3009 tudo
307 2947 377 3029 tua3
400 2946 442 3029 et,
465 2943 541 3007 dum
559 2945 596 3006 tu
616 2964 717 3026 aeque
740 2941 829 3008 doles
847 2948 943 3029 atque
963 2965 1033 3030 ego,
1056 2943 1090 3007 id
1109 2943 1224 3032 efficis,

204 3036 242 3097 ut
265 3053 325 3117 ego
353 3053 544 3115 nonaeque
568 3030 694 3094 doleam
717 3036 814 3118 atque
838 3032 932 3100 soleo.
979 3031 1041 3098 Sed
1064 3031 1121 3096 illa
1146 3055 1224 3118 pars

203 3120 386 3186 litterarum
408 3124 547 3205 1111111111,
568 3119 603 3184 in
626 3141 689 3204 qua
712 3120 751 3185 de
774 3121 987 3186 Maximiliani
1010 3119 1223 3205 Imperatoris

204 3209 376 3274 admodum
404 3230 566 3292 propensa
593 3209 634 3272 ad
656 3208 808 3274 liberales
836 3208 1023 3293 disciplinas
1050 3208 1222 3276 uoluntate

204 3299 368 3385 significas
391 3300 424 3361 et
447 3296 546 3385 addis,
569 3320 665 3382 opem
689 3297 729 3362 ab
750 3320 787 3363 1ο
807 3297 834 3362 11
852 3303 972 3384 petam,
994 3297 1073 3385 fore,
1095 3320 1137 3363 ne
1157 3301 1223 3363 fru-

161 3403 191 3443 35
205 3392 271 3451 stra
293 3391 412 3473 petam,
435 3407 473 3450 ea
495 3407 571 3451 uero
595 3409 671 3470 pars
689 3386 796 3451 animo
815 3409 887 3451 meo
906 3390 1071 3471 tamquam
1093 3387 1221 3452 labanti

206 3474 370 3561 quiddam,
399 3496 464 3558 quo
492 3475 695 3563 consisteret,
723 3474 904 3541 instillauit.
955 3475 1028 3540 aliis
1054 3474 1119 3539 alia
1148 3498 1222 3540 cara

203 3565 292 3626 sunt:
324 3585 390 3627 non
422 3562 534 3627 eodem
567 3585 675 3651 sensu,
706 3586 773 3629 non
805 3562 916 3628 eodem
949 3585 1059 3629 omnes
1086 3562 1223 3650 ingenio
