2578 3896
432 197 518 254 XXII.
545 197 635 253 Mario
653 198 774 256 Nizolio.
1068 205 1110 269 51

91 361 196 422 ueant
227 355 296 444 (alii
326 358 405 422 haec
434 358 606 444 mirantur,
638 361 725 445 apud
754 383 805 426 me
835 363 982 450 uulgaria
1012 364 1113 452 sunt),

91 447 154 511 sed
172 467 253 510 aueo
271 445 505 512 incredibiliter
522 452 696 532 patronum
712 454 855 515 ueterem
870 474 986 538 meum,
1004 477 1112 520 meum

92 534 192 598 dico?
237 535 336 601 immo
360 555 437 599 uero
460 535 643 602 litterarum
665 560 702 602 ac
727 539 944 605 studiosorum
968 543 1112 608 onmium

93 623 271 706 ipsumque
294 623 414 688 litteris
438 624 657 711 excellentem,
680 625 901 692 Alexandrum
921 628 1111 696 Famesium

95 711 301 776 cardinalem
331 710 479 777 salutare.
527 736 622 797 quern
650 716 788 802 cognoui
815 715 937 781 Romae
965 722 998 782 et
1025 719 1110 784 colui
1137 745 1151 785 a

93 821 236 884 puerum
259 799 443 865 adolescens
471 801 588 866 eximia
616 802 681 867 iam
702 808 774 868 tum
796 804 903 870 indole
927 806 1112 889 praeditum

95 893 130 953 et
154 910 264 953 earum
286 887 418 954 laudum
436 889 616 975 principiis,
638 914 718 976 quas
737 892 851 956 deinde
874 898 986 960 auctus
1004 899 1111 960 aetate

98 977 198 1042 simul
221 981 254 1041 et
276 976 395 1042 iudicio
418 979 569 1064 perfecit,
592 1002 709 1065 magna
733 982 974 1065 exspectatione
997 984 1111 1049 fioren-

96 1071 174 1130 tem.
221 1087 284 1149 quo
309 1065 438 1150 quidem
461 1071 608 1152 tempore
632 1069 840 1134 uehementer
862 1070 941 1136 urbs
964 1071 1036 1155 ipsa
1060 1095 1110 1136 ex·

93 1153 212 1218 citauit
241 1175 293 1218 me
320 1157 417 1238 atque
447 1155 535 1220 acuit
564 1157 598 1220 in
625 1157 732 1222 studio
759 1158 944 1224 liberalium
971 1160 1111 1246 discipli·
1126 1187 1153 1227 11

92 1265 225 1326 narum,
262 1242 418 1327 adspectu
453 1243 526 1327 ipso
559 1245 764 1330 antiquitatis
801 1251 833 1312 et
866 1249 1041 1334 multiplici
1074 1271 1111 1314 ac

95 1331 187 1396 uaria
214 1331 382 1396 hominum
409 1333 608 1398 eruditorum
636 1335 778 1400 scientia.
824 1337 880 1401 sed
907 1343 944 1402 ut
971 1338 1110 1424 ingenue

96 1422 213 1502 fatear,
247 1420 377 1504 proprie
412 1443 463 1486 1111
498 1421 658 1506 expoliuit
687 1423 761 1488 aula
789 1423 935 1490 Famesii
964 1427 1111 1492 moribus

94 1530 134 1573 ac
165 1507 299 1592 litteris,
336 1530 409 1574 cum
439 1509 585 1574 uiuerem
616 1511 876 1576 coniunctissime
908 1535 946 1576 ac
976 1514 1111 1578 familia-

96 1596 223 1662 rissime
256 1619 329 1662 cum
361 1597 488 1663 duobus
517 1599 803 1683 praestantissimis
833 1600 925 1685 uiris,
957 1600 1110 1666 Marcello
1125 1628 1152 1668 15

96 1685 236 1751 Ceruino
261 1689 294 1750 11
310 1685 508 1751 Bernardino
528 1686 686 1773 Maffaei0,
711 1710 848 1772 quorum
870 1687 1008 1754 alterum
1028 1689 1111 1755 Pon·

94 1775 219 1839 tificem
240 1774 429 1858 maximum,
455 1774 593 1840 alterum
616 1775 829 1863 Cardinalem,
857 1781 1030 1863 utrumque
1054 1779 1111 1843 im-

94 1862 296 1928 mortalitate
320 1862 544 1949 dignissimum
571 1865 705 1930 aduersa
733 1866 829 1931 bonis
852 1867 977 1933 artibus
1000 1867 1112 1952 iniqua

94 1974 184 2017 mors
208 1951 337 2036 eripuit.
376 1951 480 2029 Quare
504 1953 590 2036 quod
613 1976 664 2018 me
682 1953 832 2020 Parmam
855 1977 951 2021 uocas
976 1960 1008 2021 et
1031 1957 1112 2022 mul-

93 2041 138 2106 tis
167 2040 278 2104 uerbis
306 2040 425 2105 inuitas
452 2041 684 2128 amantissime,
713 2065 780 2109 non
807 2067 858 2108 me
885 2044 1152 2113 111111111111111

93 2129 241 2215 sopitum
272 2127 467 2214 excitarunt,
497 2130 553 2195 sed
581 2135 762 2196 currentem
791 2132 914 2217 potius,
944 2137 981 2197 ut
1011 2133 1112 2218 aiunt,

89 2219 281 2284 incitarunt.
328 2218 414 2302 quod
443 2218 567 2283 utinam
597 2241 671 2285 cum
701 2220 869 2285 uoluntate
902 2223 1008 2284 cetera
1040 2241 1112 2284 con·

94 2309 264 2394 gruerent:
287 2305 352 2371 iam
374 2307 502 2391 iamque
521 2307 691 2372 uobiscum
710 2329 821 2372 essem.
851 2307 907 2372 sed
925 2307 1016 2372 uides
1036 2308 1112 2372 anni

92 2401 240 2479 tempus,
271 2394 362 2459 uides
384 2394 537 2460 itinerum
566 2395 803 2482 difficultatem;
832 2395 907 2483 scis,
936 2418 1032 2481 quam
1055 2396 1112 2461 im-

94 2485 215 2550 becillo
239 2483 302 2548 sim
322 2505 465 2568 corpore,
490 2506 586 2568 quam
608 2484 700 2549 tenui
723 2488 756 2549 11
778 2486 819 2549 ad
841 2485 1043 2551 incommoda
1066 2485 1153 2553 111-11

92 2573 260 2656 iuriasque
283 2571 363 2636 caeli
390 2573 597 2657 perferendas
620 2595 735 2657 parum
758 2578 845 2659 apto.
890 2575 989 2639 timeo
1014 2574 1113 2639 etiam

92 2685 110 2726 a
135 2660 314 2744 militibus,
336 2682 356 2724 a
379 2661 498 2745 quibus
520 2661 624 2726 otium
647 2685 713 2727 non
736 2667 793 2727 est.
836 2684 1003 2728 excurrere
1027 2663 1113 2728 enim

91 2751 249 2815 dicuntur
276 2752 309 2813 et
337 2749 473 2833 praedas
500 2751 612 2815 facere.
657 2773 724 2816 non
746 2751 849 2837 igitur
870 2752 1012 2836 ueniam,
1039 2772 1113 2816 cum
1174 2823 1177 2829 ,

91 2863 110 2903 1
145 2837 245 2903 uobis
277 2837 340 2901 diei
376 2838 473 2902 unius
509 2837 565 2903 uix
602 2839 706 2904 absim
740 2838 934 2904 interuallo?
975 2839 1113 2924 ueniam,

90 2928 223 3012 opinor,
247 2947 391 3010 quaeque
411 2926 622 2992 aduersantur
645 2932 677 2991 et
695 2927 886 3012 impediunt,
909 2930 1113 2994 contemnam
1127 2957 1154 2998 ao

91 3015 214 3082 omnia.
237 3009 327 3080 ‘uolo
352 3015 482 3080 omnino
506 3014 586 3080 meis
610 3016 710 3080 oculis
728 3016 880 3082 Famesio
905 3016 1042 3082 uidendo
1067 3040 1113 3083 sa-

86 3105 259 3188 tisfacere,
287 3103 362 3168 uolo
391 3104 474 3167 hanc
496 3126 515 3167 a
537 3127 588 3168 me
612 3105 684 3188 ipso
708 3106 846 3192 gratiam
869 3105 951 3170 inire
976 3109 1008 3171 et
1032 3106 1113 3171 salu·

87 3192 232 3257 tationis
251 3191 367 3279 officio,
392 3192 543 3276 expedito
568 3215 643 3257 sane
665 3191 847 3281 'ac-debito,
870 3194 1049 3279 perfungi
1068 3193 1113 3274 Te

91 3303 189 3366 uero,
217 3280 340 3365 optime
368 3302 405 3345 ac
433 3280 616 3346 doctissime
639 3282 735 3368 Mari,
764 3283 854 3347 cuius
883 3278 1113 3347 consuetudine

94 3375 128 3434 et
163 3391 311 3435 sermone
344 3391 435 3435 careo
467 3370 580 3435 multis
612 3371 731 3435 abhinc
763 3370 868 3453 annis,
905 3389 1001 3451 quem
1032 3366 1155 3433 mihies

93 3463 209 3524 tamen
232 3480 271 3523 ex
295 3457 401 3523 animo
429 3481 606 3543 numquam
634 3458 755 3542 eripuit
782 3479 886 3538 neque
909 3459 1038 3537 tempus
1061 3475 1114 3517 ne-

94 3570 161 3631 que
191 3547 427 3634 longinquitas,
461 3568 525 3631 quo
558 3547 664 3611 studio
697 3541 914 3628 complectar?
961 3544 1115 3623 quantam

865 3641 903 3696 4*
