2578 3896
363 179 438 236 XVI.
466 181 512 234 Ad
529 181 685 236 Antonium
705 181 824 240 Aelium.
1057 185 1099 251 31

550 377 636 444 XVI.

150 520 207 586 Ad
234 518 446 585 Antonium
473 517 625 584 Aelium
651 520 768 587 Polae
796 521 1034 608 Episcopum

79 629 116 693 in
147 625 304 692 orationis
334 624 497 690 Ciceronis
527 649 587 710 pro
617 627 653 693 P.
682 625 793 692 Sextio
825 625 1099 696 Commentarium

501 741 602 808 (Praei.
616 743 690 810 XII).
799 759 808 776 ·

173 874 253 940 Cum
276 874 478 958 chamaita,
501 896 582 959 quae
606 875 773 962 uigebant
787 876 878 961 olim,
900 899 1008 942 rerum
1031 878 1096 943 lau·
1125 911 1138 952 5

80 965 260 1030 dandarum
286 962 392 1028 studia
415 963 551 1048 periisse
574 968 671 1048 atque
700 964 842 1029 extincta
869 987 1001 1049 prorsus
1030 989 1099 1032 esse

81 1053 257 1118 dolendum
288 1056 351 1136 est,
379 1050 466 1137 Aeli,
497 1051 548 1116 uir
577 1051 701 1136 optime
731 1074 768 1117 ac
798 1053 996 1139 doctissime,
1028 1061 1099 1121 tum

79 1144 178 1227 hanc,
211 1141 246 1206 in
276 1162 339 1226 qua
369 1140 465 1206 sitam
495 1163 607 1206 omnes
637 1141 690 1205 uel
719 1142 893 1208 maximam
923 1141 1099 1209 utilitatem

80 1231 287 1316 intelligunt,
319 1229 554 1313 interpretandi
583 1229 743 1296 rationem
772 1231 819 1295 ita
849 1231 1029 1317 amisimus,
1061 1238 1098 1297 ut

80 1343 122 1384 ex
154 1341 279 1403 eorum,
309 1318 429 1403 quibus
458 1322 570 1384 nostra
599 1323 794 1404 patrumque
824 1321 980 1388 memoria
1007 1344 1098 1387 suam
1113 1353 1139 1393 ro

78 1408 202 1474 hocin
224 1428 342 1494 genere
365 1407 557 1472 industriam
580 1407 686 1472 locare
710 1407 854 1473 studium
876 1410 953 1494 fuit,
979 1433 1098 1497 magno

79 1520 119 1563 ac
143 1495 270 1561 infinito
294 1518 397 1580 prope
419 1517 554 1561 numero
577 1517 643 1561 non
670 1501 779 1561 tamen
806 1497 854 1562 ita
875 1498 1011 1582 multos,
1042 1500 1098 1582 qui

81 1585 270 1651 tolerabiles
293 1585 477 1672 uideantur,
508 1583 564 1670 qui
591 1606 669 1650 uero
698 1585 870 1671 excellant,
901 1607 998 1669 quam
1022 1608 1098 1669 pau·

78 1673 229 1740 cissimos
251 1677 308 1738 aut
330 1674 467 1740 fortasse
496 1673 659 1738 neminem
681 1673 778 1738 liceat
800 1673 954 1739 inuenire.
1000 1679 1097 1759 atque

77 1764 179 1829 huius
206 1762 337 1848 quidem
364 1763 559 1828 incommodi
587 1763 683 1848 culpa
710 1763 794 1828 unde
822 1763 1015 1850 manauerit,
1045 1786 1136 1833 ex·1a

77 1875 210 1938 ponam.
262 1851 408 1916 Primum
441 1851 522 1916 illud
553 1852 587 1916 in
620 1851 873 1918 controuersiam
904 1874 971 1918 non
1004 1852 1098 1937 eadit,

78 1963 146 2026 quo
170 1939 311 2026 quidque
335 1940 567 2026 praestantius,
593 1963 631 2006 1ο
654 1941 850 2007 laboriosius
873 1963 910 2006 ac
934 1941 1097 2008 difficilius

40 2086 42 2090 .
79 2051 159 2096 esse.
206 2029 328 2113 alioqui
356 2028 440 2093 nihil
467 2029 533 2094 iam
564 2030 742 2096 excelleret.
789 2030 876 2114 quod
905 2031 992 2095 enim
1024 2053 1097 2097 con·

77 2121 292 2202 sequerentur
322 2117 431 2203 multi,
463 2117 498 2183 in
530 2141 568 2184 eo
601 2118 743 2205 dignitas
775 2140 841 2184 non
873 2123 958 2184 esset
990 2123 1023 2183 11
1056 2141 1095 2183 ex

76 2207 175 2292 copia
197 2206 323 2272 utilitas
346 2207 526 2272 exsisteret,
573 2212 622 2273 est
650 2207 752 2293 igitur
779 2207 813 2272 in
841 2207 969 2292 magnis
996 2207 1095 2271 rebus
1109 2236 1136 2276 ao

77 2296 163 2361 item
190 2317 322 2381 magna,
356 2317 437 2380 quae
466 2319 526 2361 nos
556 2297 597 2360 ab
630 2318 740 2360 earum
770 2294 863 2379 quasi
892 2293 1095 2378 possessione

76 2389 181 2468 arcet,
209 2384 386 2450 constituta
413 2384 595 2450 difficultas.
640 2385 720 2449 haec
747 2405 844 2468 porro
868 2383 1007 2467 simplex
1030 2405 1096 2448 non

77 2479 144 2558 est,
180 2473 237 2538 sed
272 2473 307 2537 in
340 2473 402 2538 duo
439 2496 558 2560 genera
594 2473 757 2538 diuiditur.
812 2472 969 2558 quaedam
1001 2472 1096 2557 enim,

77 2561 177 2628 sicuti
204 2561 444 2646 existimantur,
474 2562 521 2626 ita
548 2561 692 2628 difficilia
720 2567 809 2646 sunt;
837 2562 993 2647 quaedam
1021 2583 1094 2627 cum

75 2673 145 2717 non
170 2650 408 2736 existimentur,
435 2657 544 2716 tamen
571 2656 655 2716 sunt.
700 2651 759 2715 ubi
787 2650 961 2716 difficultas
989 2656 1022 2715 11
1045 2656 1094 2716 est
1109 2677 1135 2720 aa

76 2745 112 2805 11
136 2744 287 2826 apparet,
314 2739 388 2805 inde
413 2739 587 2805 multitudo
611 2740 813 2806 uoluntatem
837 2745 870 2804 et
893 2740 1036 2804 studium
1058 2740 1094 2804 li-

76 2829 196 2894 b'enter
210 2829 349 2894 abducit.
373 2851 441 2894 rem
456 2828 585 2914 quidem
599 2829 713 2913 ipsam,
731 2829 845 2912 quanti
864 2833 922 2913 est,
941 2828 1094 2912 opinione

76 2917 287 2983 aestimamus
320 2921 353 2982 11
383 2918 592 2982 uehementer
624 2917 814 3002 expetimus.
860 2917 987 3002 magnis
1016 2938 1093 2982 uero

76 3005 249 3071 laboribus
277 3011 310 3070 et
332 3005 456 3093 uigiliis
477 3011 516 3071 ut
539 3010 678 3092 ematur,
706 3028 773 3070 non
800 3005 894 3070 facile
923 3004 1094 3090 quisquam

76 3117 96 3158 a
120 3117 156 3160 se
179 3094 252 3178 ipso
275 3094 439 3180 impetrat.
476 3099 563 3160 amat
582 3095 667 3160 enim
685 3093 826 3159 hominis
849 3098 964 3160 natura
987 3094 1093 3161 mode·
1107 3123 1134 3165 ao

77 3187 183 3248 ratam
208 3183 349 3268 quietem
373 3206 473 3268 eaque
497 3184 595 3249 alitur
618 3189 650 3249 et
673 3182 800 3267 crescit,
826 3183 943 3248 nimias
965 3188 1094 3248 conten-

77 3273 199 3356 tiones,
235 3272 355 3357 quibus
386 3273 548 3359 frangitur
580 3295 616 3338 ao
648 3271 819 3356 minuitur,
855 3276 989 3338 recusat.
1035 3270 1093 3333 ubi

77 3383 156 3426 uero
186 3359 280 3426 facile
310 3362 343 3427 in
374 3361 514 3445 speciem
544 3361 667 3446 aliquid
696 3360 890 3443 ostenditur,
920 3357 1093 3421 difficultas
1123 3419 1124 3424 ,

77 3449 204 3514 inclusa
225 3449 315 3514 latet.
362 3449 540 3515 cuiusmodi
567 3472 633 3515 non
661 3471 730 3514 esse
756 3470 858 3532 pauca
885 3444 990 3509 inanis
1013 3444 1092 3508 mul-

77 3543 187 3604 torum
219 3537 328 3603 docuit
360 3539 568 3624 experientia.
615 3560 652 3603 eo
685 3537 883 3621 frequentes,
915 3533 1001 3596 bona
1034 3553 1091 3614 spe
1105 3555 1131 3597 11
