2578 3896
194 180 238 245 32
475 177 547 234 XVI.
575 177 621 233 Ad
638 177 793 232 Antonium
811 176 931 233 Aelium.

194 340 339 425 inuitati,
366 345 538 405 accurrunt
565 340 724 424 facileque
751 340 868 404 adeas
891 362 942 404 res
966 339 1216 427 aggrediuntur,

194 431 229 495 in
253 429 372 514 quibus
394 429 449 494 uel
471 428 665 494 mediocrem
688 449 820 513 operam
844 427 871 493 si
894 433 1032 513 ponant,
1055 429 1215 512 futurum,
1278 431 1279 504 3

195 523 233 584 ut
256 541 296 583 ex
319 518 418 583 animi
442 517 603 584 sementia
626 517 783 603 succedat,
806 517 1015 581 arbitrantur.
1056 540 1140 602 quos
1165 520 1215 582 de·
1278 525 1279 534 '

195 608 269 674 inde
292 607 385 693 graui
409 606 603 671 temeritatis
626 605 758 670 infamia
780 605 901 670 refellit
925 610 1069 671 euentus.
1115 607 1215 672 huius
1278 673 1279 696 ,

167 695 324 783 ageneris
346 696 426 760 haec
449 699 511 782 est,
539 695 578 760 de
602 716 665 779 qua
688 693 866 759 orationem
889 693 1106 779 instituimus,
1130 695 1215 760 ratio
1278 719 1279 728 ¹

195 783 440 869 interpretandi.
487 783 559 868 quis
590 783 676 848 enim
706 787 768 868 est,
801 782 856 867 qui
887 805 920 847 11
950 805 1017 848 non
1047 783 1215 849 existimet

195 873 325 939 Liuium
348 894 454 957 posse,
473 871 672 958 Sallustium,
689 870 875 958 Virgilium,
897 871 1006 956 ipsum
1029 872 1215 938 mehercule

197 961 382 1028 Ciceronem
414 961 460 1026 ita
490 961 657 1026 commode
686 959 860 1045 explicare,
895 964 933 1024 ut
965 959 1141 1026 desiderari
1173 963 1214 1026 ab

197 1050 332 1116 eruditis
368 1052 515 1135 beneque
556 1048 817 1135 intelligentibus
856 1048 937 1113 uiris
973 1047 1056 1113 nihil
1093 1050 1215 1134 queat?

157 1165 182 1204 10
196 1143 293 1224 atque
323 1139 372 1224 hi,
401 1160 474 1203 cum
504 1138 539 1202 in
567 1137 600 1202 O.
623 1137 719 1202 Marii
749 1141 805 1201 aut
834 1136 869 1200 in
896 1137 930 1201 L.
959 1136 1067 1221 Syllae
1094 1161 1216 1205 nomen

196 1227 382 1312 inciderint,
418 1226 446 1290 si
477 1225 572 1291 Marii
610 1230 666 1290 aut
703 1224 809 1310 Syllae
845 1225 948 1290 uitam
985 1247 1003 1289 a
1035 1226 1215 1293 Plutarcho

197 1318 361 1399 sumptam
387 1315 422 1379 in
450 1337 507 1380 sua
535 1314 657 1398 scripta
684 1318 788 1379 totam
814 1315 1052 1399 transtulerint,
1080 1320 1154 1381 tum
1182 1339 1215 1382 se

197 1425 271 1469 suas
298 1403 461 1488 praeclare
491 1407 601 1488 partes
631 1402 809 1468 absolvisse
837 1403 1037 1489 existimant,
1065 1426 1142 1470 cum
1170 1405 1216 1470 11-

197 1492 306 1579 terim,
343 1493 377 1558 in
409 1515 473 1577 quo
504 1492 681 1578 doctrinae,
718 1512 800 1577 quae
830 1492 940 1576 paullo
970 1493 1014 1557 sit
1044 1494 1214 1578 occultior,

156 1604 182 1646 11
196 1585 375 1667 appareant
406 1586 516 1665 notae,
553 1582 587 1646 in
618 1603 682 1666 quo
713 1580 836 1666 ingenii
868 1581 978 1647 lumen
1007 1581 1149 1669 eluceat,
1182 1583 1216 1647 in

196 1693 260 1754 quo
284 1670 475 1754 prudentiae
497 1670 549 1734 uis
577 1674 633 1735 aut
660 1669 770 1735 iudicii
798 1670 891 1756 signa
914 1674 1100 1757 cernantur,
1130 1671 1216 1736 nihil
1278 1711 1279 1722 1

196 1760 343 1823 afferunt.
389 1759 477 1823 exire
506 1758 654 1823 uidemus
684 1759 828 1842 quotidie
858 1781 877 1822 a
904 1758 1060 1843 postremi
1090 1760 1215 1825 ordinis

196 1846 384 1911 hominibus
420 1847 536 1932 111111,
573 1847 728 1930 speciosis
763 1869 945 1933 magnaque
981 1847 1217 1931 pollicentibus

197 1935 303 2000 titulis
325 1935 470 2022 insignes
488 1935 614 2000 minimi
632 1936 730 2020 pretii
750 1935 1005 2001 commentarios.
1043 1958 1124 2020 quos
1148 1960 1217 2002 non

157 2024 293 2093 eomodo
318 2023 372 2108 qui
397 2024 553 2112 scribunt,
576 2024 658 2089 falsa
680 2025 719 2089 de
742 2046 776 2089 se
799 2025 880 2109 ipsis
898 2024 1050 2109 opinione
1074 2026 1216 2112 decepti,

197 2134 310 2178 uerum
333 2113 432 2196 etiam
456 2113 511 2198 qui
534 2112 625 2199 typis
648 2113 823 2197 impressos
847 2113 960 2197 edunt,
988 2113 1042 2198 iis,
1070 2114 1127 2198 qui
1151 2115 1217 2180 hoo

197 2203 236 2267 de
259 2225 377 2290 genere
400 2202 541 2268 iudicare
559 2205 706 2288 possunt,
729 2201 929 2288 inconsultis,
953 2202 1092 2287 quodam
1115 2204 1215 2269 modo

197 2291 378 2357 deformant
401 2291 566 2376 praeclara
586 2291 693 2355 studia
710 2290 893 2355 litterarum
911 2295 944 2355 11
963 2290 1001 2355 de
1020 2292 1216 2375 posteritate

197 2380 269 2463 ipsa
292 2381 430 2464 pessime
454 2383 626 2445 merentur.
663 2378 719 2444 sed
742 2383 861 2465 cetera,
885 2401 966 2464 quae
990 2380 1123 2444 ferenda
1147 2404 1216 2446 non

156 2491 183 2534 aa
198 2471 287 2550 sunt,
322 2469 463 2532 feramus
494 2473 603 2534 tamen
635 2489 672 2533 ac
704 2467 955 2554 dissimulemus,
992 2490 1068 2533 sane
1100 2470 1216 2534 multa.

198 2555 445 2620 commentarios
468 2577 545 2620 uero
568 2555 657 2642 illos,
686 2557 742 2640 qui
765 2556 887 2641 passim
908 2557 1076 2643 legrmtur,
1103 2557 1138 2622 in
1165 2557 1216 2623 Ci-

198 2642 323 2708 ceronis
350 2643 512 2708 orationes
541 2641 653 2731 (quem
682 2644 826 2709 librum?
861 2645 1036 2711 latinorum
1067 2646 1216 2712 omnium

197 2731 291 2796 facile
315 2731 510 2818 principem)
534 2753 680 2821 grauem,
703 2733 848 2819 inquam,
871 2733 960 2799 illam
984 2733 1133 2799 immensi
1157 2757 1215 2800 uo-

197 2820 329 2885 luminis
352 2821 470 2886 molem
493 2821 566 2906 quis
589 2825 651 2907 est,
681 2822 737 2906 qui
760 2821 844 2887 ferre
867 2823 934 2888 ullo
962 2823 1058 2888 modo
1082 2823 1213 2907 possit?

155 2935 184 2976 ao
197 2910 268 2974 loca
291 2914 367 2974 sunt
389 2910 424 2974 in
443 2908 605 2975 Ciceronis
627 2910 829 2976 orationibus
847 2912 931 2976 male
954 2910 1078 2976 mendis
1096 2912 1215 2977 affecta

199 3018 295 3081 quam
323 2997 476 3083 plurima,
504 2999 609 3064 sanari
636 3000 763 3064 nullum
791 2999 910 3065 uideas.
955 3003 1031 3065 sunt
1059 3000 1101 3066 ob
1130 3001 1215 3065 anti·
1274 2985 1275 3019 1

200 3085 334 3168 quitatis
361 3086 708 3153 obscuram'notitiam
736 3087 893 3155 difficilia:
924 3089 996 3173 quis
1024 3093 1074 3153 est
1098 3089 1137 3153 de
1161 3094 1214 3154 tot

198 3175 413 3259 interpretum
448 3197 596 3263 numero,
628 3177 684 3261 qui
716 3176 838 3241 lumine
870 3176 1108 3262 explanationis
1140 3177 1214 3243 illu·
1273 3241 1274 3246 ,

198 3262 302 3329 stret?
339 3262 475 3348 denique
508 3265 690 3330 communia
721 3268 849 3331 tantum
881 3287 1027 3351 quaeque
1058 3265 1214 3332 omnibus
1273 3256 1274 3291 1

156 3377 184 3418 aa
199 3355 326 3436 patent,
355 3373 392 3416 ea
420 3357 552 3417 sumunt
579 3353 620 3417 ad
648 3353 886 3440 explicandum3
917 3377 956 3418 ex
979 3353 1115 3435 abditis,
1145 3377 1213 3438 quo

199 3441 268 3504 sine
299 3441 410 3506 labore
444 3444 476 3505 et
508 3441 638 3529 ingenio
670 3463 816 3507 accessus
846 3464 913 3508 non
946 3447 1008 3527 est,
1046 3442 1213 3508 doctrinae

199 3527 345 3592 fontibus
367 3529 449 3594 nihil
471 3530 637 3618 hauriunt,
666 3535 840 3617 contraque
867 3531 970 3597 multa
998 3537 1213 3616 corrumpunt
1272 3496 1273 3561 1
