2578 3896
433 1263 781 1350 PRAEFATIO.

188 1563 241 1629 Ad
259 1564 396 1629 edendas
413 1563 508 1629 Pauli
525 1563 673 1647 Manutii,
696 1562 895 1647 bibliopolae
913 1563 1032 1628 Veneti
1056 1565 1116 1630 ola-

95 1653 227 1740 rissimi‚
237 1653 393 1738 epistulas
407 1653 609 1740 adgredienti
623 1653 704 1717 mihi
713 1675 780 1718 non
789 1650 961 1716 uidebatur
970 1652 1116 1740 dubium,

97 1743 181 1828 quin
212 1743 266 1807 uel
296 1742 438 1807 maxima
471 1764 582 1808 earum
614 1765 690 1828 pars
719 1764 786 1807 non
821 1744 950 1807 tantum
978 1742 1115 1808 haberet

96 1831 340 1914 oblectationis,
367 1835 404 1896 ut
432 1831 548 1918 dignae
572 1835 693 1917 essent,
722 1852 804 1916 quae
831 1831 884 1896 his
910 1832 1115 1916 temporibus

96 1920 334 1985 euoluerentur.
390 1919 478 1996 Quae
504 1920 581 1985 licet
615 1921 656 1984 ad
688 1920 905 2006 eloquentiam
938 1919 1115 1987 Ciceronia-

93 2031 172 2074 nam
195 2008 343 2094 proxime
365 2008 527 2095 accedant,
549 2013 667 2095 tamen,
691 2031 773 2095 quae
796 2009 884 2074 illius
907 2010 1023 2075 aetatis
1047 2015 1116 2075 erat

59 2148 62 2153 .
96 2097 310 2184 consuetudo,
341 2101 470 2164 tantum
502 2098 677 2164 uerborum
709 2099 837 2183 copiam
867 2097 922 2164 uel
954 2099 1115 2164 salutandi

95 2187 151 2250 uel
177 2185 329 2251 laudandi
356 2186 462 2272 gratia
489 2187 616 2273 ineos,
642 2188 683 2252 ad
707 2210 788 2273 quos
811 2187 970 2271 epistulae
998 2187 1116 2252 daban·

95 2279 165 2358 tur,
193 2275 290 2358 pleno
319 2275 411 2358 quasi
434 2296 534 2341 cornu
557 2276 738 2360 effundunt,
764 2279 803 2340 ut
829 2276 864 2341 in
894 2297 1020 2340 summa
1046 2296 1115 2340 uer-

96 2364 214 2428 borum
241 2363 391 2428 ubertate
419 2385 459 2428 ex
491 2364 637 2429 exilitate
664 2387 772 2429 rerum
798 2363 942 2428 taedium
968 2386 1114 2429 nonnun-

97 2473 195 2536 quam
231 2452 371 2536 obrepat
399 2451 596 2539 legentibus.
647 2453 728 2518 Eius
757 2453 804 2517 rei
834 2452 932 2537 culpa
960 2453 1114 2519 accidisse

97 2544 193 2624 puto,
216 2545 253 2604 ut
276 2540 375 2606 etiam
398 2562 454 2606 eae
478 2541 636 2626 epistulae
658 2542 825 2629 neglectae
848 2542 1003 2628 iacerent,
1032 2565 1114 2628 quae

97 2629 196 2693 etiam
223 2651 309 2694 nunc
336 2629 397 2715 eis,
429 2631 485 2714 qui
513 2631 567 2695 uel
593 2631 723 2696 illorum
750 2636 933 2716 temporum
959 2631 1115 2697 historiae

96 2717 149 2782 uel
172 2717 347 2783 latinitatis
374 2719 491 2784 studiis
516 2725 639 2785 nauant
665 2743 811 2805 operam,
837 2742 905 2785 non
931 2742 1045 2786 uereor
1073 2744 1115 2787 ne

95 2806 162 2871 sint
185 2806 385 2873 iniucundus.
430 2808 511 2874 Dico
536 2831 597 2895 eas,
621 2809 740 2895 quibus
758 2809 1019 2894 ipsius'Manutii
1037 2810 1115 2895 uita,

94 2899 212 2960 natura
234 2896 467 2962 humanissima
488 2898 909 2985 moresque-candidissimi,
931 2899 1056 2964 sincera
1079 2921 1115 2965 ao

94 3006 162 3048 non
193 2983 301 3049 fricata
333 2985 368 3049 in
398 2985 504 3051 Deum
536 2986 655 3071 pietaS,
689 2987 899 3074 infatigatum
930 2987 1114 3053 litterarum

96 3072 250 3158 studium,
263 3073 393 3138 labores
408 3079 440 3139 ct
459 3097 519 3158 pro
534 3076 753 3140 conseruanda
766 3076 996 3161 retinendaque
1010 3078 1115 3162 patris

96 3161 228 3226 officina
256 3166 289 3226 et
316 3184 376 3245 pro
399 3162 519 3228 tuenda
540 3162 737 3229 Pontificum
758 3165 979 3231 Romanorum
1006 3170 1115 3231 auoto-

95 3249 193 3315 ritate
217 3251 370 3335 suseepti,
393 3250 481 3316 illius
503 3273 577 3317 cum
599 3253 790 3338 aequalibus
812 3254 962 3339 plurimis
984 3254 1038 3318 uel
1059 3276 1115 3317 no-

96 3336 258 3404 bilissimo
285 3339 357 3404 loco
386 3339 467 3404 ortis
494 3341 547 3405 uel
574 3341 758 3408 litterarum
784 3343 878 3408 laude
901 3341 1040 3407 maxime
1068 3342 1115 3406 in-

95 3426 245 3513 signibus
274 3449 352 3493 usus
381 3450 418 3492 ac
448 3429 651 3496 familiaritas
681 3434 916 3518 cognoscantur
945 3433 978 3494 et
1010 3452 1113 3514 paene

95 3515 156 3580 sub
181 3516 293 3581 oculos
311 3516 521 3583 subiciantur.
559 3517 645 3596 Quas
669 3521 696 3584 si
716 3542 755 3584 ex
773 3517 950 3585 obliuionis
969 3519 1113 3582 tenebris
