2610 3890
187 167 252 231 110
603 172 635 226 L.
660 170 711 226 Pio
731 170 778 228 IV.

185 333 350 413 spectatae
381 330 514 396 uirtutis
546 335 579 397 et
615 331 818 397 innocentiae
851 305 1083 432 Cardinalium,
1119 353 1204 417 quos

184 417 260 482 huic
293 418 426 504 negotio
467 420 649 504 praefecist
640 443 664 504 1,
701 419 874 508 singularis
910 419 1060 504 prudent
1051 442 1082 483 ιι
1117 421 1203 485 nihil

185 505 293 571 deesse
316 507 469 591 patiatur.
515 531 614 593 quare
636 509 720 574 hanc
743 513 878 595 partem,
901 508 953 572 cui
976 507 1121 573 nondum
1144 513 1201 573 tua

183 593 363 660 liberalitas
381 596 484 661 defuit
501 618 570 681 nec,
592 600 630 661 ut
653 620 757 684 spero,
779 618 933 681 umquam
953 597 1063 682 deerit,
1082 597 1201 662 omitto

157 704 249 748 cnon
272 684 407 749 inuitus:
436 686 474 750 de
502 685 660 771 meipso,
688 687 884 770 siquidemt
885 705 927 748 ua
949 686 1084 769 permitt
1086 690 1120 750 at
1143 686 1201 751 hu-

183 772 334 856 manitas,
366 773 459 861 (quid
490 778 546 838 aut
548 796 599 839 em
631 796 668 839 ea
697 797 763 839 non
792 771 1005 876 permittat?)
1037 774 1199 860 attingam

182 882 293 945 pauca.
329 861 402 948 Ego
426 883 499 926 cum
522 863 562 926 ad
578 862 703 927 Vrbem
726 864 809 950 ueni,
828 862 904 927 licet
890 862 1022 926 taPio
1036 861 1092 927 IV.
1112 867 1202 927 recte

182 949 404 1018 etlaudabilit
390 954 440 1015 ter
457 950 597 1016 uiuendo
617 951 740 1036 sperari
758 972 854 1036 posse
869 951 977 1017 omnia
996 951 1198 1035 confiderem,

181 1042 290 1103 tamen
314 1039 419 1110 efferri
437 1061 489 1103 me
508 1039 685 1141 cupiditate
703 1061 880 1124 numquam
900 1061 971 1104 sum
990 1061 1116 1125 passus,
1138 1061 1199 1104 nec

29 1149 31 1154 ·
141 1126 271 1192 rositiui
307 1127 446 1193 honores
482 1150 541 1193 nec
578 1129 647 1193 auri
684 1134 798 1214 argent
799 1130 875 1213 ique
916 1127 1086 1212 splendore
1125 1151 1196 1193 sum

181 1220 308 1299 captus,
339 1216 372 1279 id
400 1216 523 1281 scilicet
550 1238 650 1280 unum
680 1219 825 1300 spectaui
852 1217 1005 1300 maxime,
1035 1221 1073 1280 ut
1102 1217 1197 1281 bene·

180 1303 324 1368 uolentia
350 1308 420 1388 tua,
452 1304 487 1369 in
514 1326 578 1389 qua
604 1327 691 1388 pono
720 1307 840 1391 omnia,
871 1310 1031 1391 perpetuo
1064 1305 1196 1390 fruerer,

180 1413 280 1476 eaque
298 1414 359 1477 me,
378 1396 536 1477 quantum
554 1394 707 1478 consequi
725 1395 841 1480 studio,
861 1398 1018 1479 quantum
1035 1393 1195 1459 industrie

178 1480 305 1566 liceret,
337 1503 402 1546 non
429 1481 598 1569 indignum
631 1484 829 1566 praeberem.
875 1482 1060 1547 domesticis
1088 1484 1196 1569 rebuS,

140 1591 165 1634 15
179 1590 259 1654 quas
290 1570 457 1658 negligere
488 1593 635 1656 prorsuS,
668 1571 724 1655 qui
756 1576 850 1655 pater
882 1576 943 1656 est,
975 1593 1041 1636 non
1073 1576 1194 1657 potest,

177 1681 284 1724 amare
310 1660 456 1744 nimium,
480 1660 535 1744 qui
559 1683 592 1725 se
610 1658 828 1725 Christianum
851 1682 920 1725 esse
943 1659 1106 1746 meminit,
1129 1683 1193 1725 non

178 1747 284 1833 debet,
307 1748 385 1813 satis
409 1749 592 1813 consultum
615 1750 772 1833 putabam
795 1749 968 1814 honorario
992 1748 1049 1812 illo
1074 1770 1191 1835 annue,

178 1836 305 1920 quoda
332 1841 389 1902 tua
416 1836 618 1923 benignitate
646 1836 904 1921 impetraueram.
953 1858 1014 1901 nec
1041 1837 1192 1903 dubitare

177 1929 286 1988 tamen
309 1929 468 2009 poteram,
495 1926 522 1991 si
546 1925 624 2009 quid
651 1931 818 2010 praeterea
844 1947 934 1991 meae
962 1925 1104 1990 rationes
1128 1927 1191 1991 ιιι-

137 2038 163 2077 ιο
177 2018 304 2100 gerent,
332 2013 410 2098 quin
438 2013 471 2078 id
498 2014 627 2078 haurire
654 2037 784 2098 possem
812 2037 851 2079 ιι
880 2015 991 2079 eodem
1014 2015 1120 2100 fonte,
1152 2015 1191 2079 ad

176 2123 272 2188 quem
290 2101 397 2168 aditus
415 2102 586 2167 ambitiose
605 2103 794 2188 petentibus
812 2103 869 2167 uix
887 2107 1015 2187 pateret
1028 2125 1193 2190 umquam,

174 2191 339 2257 moderata
305 2192 494 2276 tctupien
480 2191 570 2257 tibus
593 2190 758 2293 praecludi
767 2213 956 2345 ijnumquam
980 2191 1107 2257 soleret
1084 2193 1191 2272 tsic

175 2303 277 2347 annus
300 2281 382 2345 abiit
368 2285 464 2346 tnec
486 2281 567 2345 mihi
590 2302 708 2345 nouam
732 2280 781 2345 int
783 2302 855 2345 crea
882 2279 1094 2364 cupiditatem
1124 2269 1192 2346 dies

175 2369 294 2433 attulit.
328 2391 422 2460 quae
451 2369 549 2433 etiam
576 2369 740 2454 admonet,
769 2391 832 2453 quo
861 2369 997 2454 propius
1024 2367 1065 2432 ad
1092 2369 1191 2435 huius

133 2479 158 2519 ιι
174 2443 457 2542 peregrinationis,
475 2479 569 2607 quae
596 2462 691 2522 uocat
692 2479 731 2523 ur
757 2458 839 2544 uita,
871 2459 968 2522 finem
1000 2457 1191 2543 accedimus

174 2566 211 2607 eo
241 2543 347 2608 minus
378 2544 441 2607 de
450 2545 569 2608 uiatico
601 2545 821 2611 laborandum.
880 2546 990 2630 itaque
1026 2550 1190 2612 mutatum
1286 2603 1287 2619 2

171 2631 332 2696 nihilt
283 2635 332 2696 est
359 2631 393 2695 in
422 2631 564 2696 consiliis
591 2633 685 2697 meis:
717 2635 855 2720 animus,
888 2657 1040 2719 quosan
1000 2638 1096 2699 antea
1125 2636 1190 2701 sibi

171 2721 252 2786 fines
274 2720 552 2822 praescripserat,
584 2720 697 2786 iisdem
729 2745 763 2788 se
793 2723 950 2809 continet,
922 2722 1031 2788 tult
1017 2727 1068 2788 tra
1104 2725 1191 2789 nihil

171 2814 306 2912 appet1t.
284 2809 408 2875 tsed
436 2809 580 2894 corporis
607 2809 670 2874 alia
698 2812 853 2895 quaedam
881 2776 964 2877 ratio
994 2815 1050 2877 est
1098 2818 1189 2878 aetas

129 2920 156 2960 ao
170 2898 234 2963 iam
256 2899 483 2984 ingrauescens
507 2898 597 2983 quasi
622 2903 677 2963 ext
678 2922 713 2964 ra
731 2900 875 2965 ordinem
893 2900 976 2965 mult
962 2905 996 2965 ιι
1015 2899 1190 2988 des1dera
1182 2927 1191 2944 ·
1285 2913 1286 2969 i

168 2987 328 3051 multeet
304 2992 383 3052 tram
397 2986 617 3072 praesertim
608 3010 644 3052 1n
656 2987 824 3053 laboribus
843 2994 929 3053 acst
915 2989 1014 3053 tudiis
1032 2989 1189 3055 ualetudo

169 3074 305 3160 requirit
332 3075 532 3141 imbecillior
579 3097 660 3159 quae
688 3077 716 3141 si
744 3077 963 3164 negligam,
954 3082 1081 3164 mgrate
1048 3079 1187 3143 tmihi

68 3219 72 3226 .
168 3163 279 3229 uidear
301 3187 395 3256 agere
423 3186 495 3230 cum
518 3165 597 3250 Deo,
619 3187 720 3249 aquo
744 3170 911 3251 acceptum
934 3187 1052 3230 munus
1074 3167 1188 3254 magni

76 3251 78 3258 '
167 3253 271 3317 facere
294 3275 330 3318 ac
353 3254 437 3319 tueri
461 3217 633 3341 diligenier
656 3254 818 3319 debemus
864 3254 943 3339 quid
965 3254 1046 3319 ιιιιι
1047 3277 1082 3319 ιι
1032 3255 1189 3320 tlibe-

167 3387 379 3398 ————

259 3462 530 3518 1‘Cerdinalium’:
563 3462 710 3534 Moronus,
738 3463 881 3533 Amulius,
910 3463 1035 3535 -Τιιιιιιι,
1065 3463 1188 3521 Carolus
1283 3537 1284 3540 Ἴ

165 3471 368 3591 Borroriracius.
