2610 3890
149 175 213 238 164
435 171 584 234 LXXXIII.
604 171 719 226 Caesari
738 171 871 226 Orlando.

147 341 228 408 utar.
273 333 305 400 A
331 339 364 399 te
391 333 494 421 igitur
515 337 607 418 peto,
634 336 672 397 ut
696 354 930 416 quemeumque
956 331 1073 398 Caesar
1097 356 1167 398 ora-

147 429 252 490 torem
279 425 314 488 in
344 423 503 488 demortui
530 423 638 488 locum
664 422 803 487 Romam
829 421 958 505 mittet,
985 421 1014 485 ei
1047 444 1098 486 me
1127 422 1167 487 de

148 513 281 578 meliore
294 516 372 577 nota
391 512 601 578 commendes.
634 511 772 576 dicerem
791 509 1061 596 significationem
1080 533 1168 576 amo-

149 602 194 666 ris
216 602 251 666 in
273 623 325 666 me
348 601 398 665 tui
420 599 732 666 commendationem
754 601 822 665 fore
846 598 990 663 omnium
1013 600 1166 684 grauissi-

122 709 245 776 amam,
268 712 341 755 cum
362 710 458 755 namo
482 690 533 774 sit,
557 689 637 773 quin
654 688 747 754 facile
766 687 889 774 diligat,
913 707 1010 770 quem
1033 687 1167 775 diligis

150 784 182 844 te
202 779 328 845 sentiat.
353 778 409 844 sed
423 801 483 865 ego
497 801 537 844 ne
552 778 615 842 tibi
629 777 856 862 praescribam,
870 776 995 841 homini
1010 777 1166 862 omnium,

151 890 233 952 quos
255 868 291 933 in
313 866 382 933 uita
403 868 562 951 nouerim,
584 865 816 931 humanissimo
841 869 873 930 et
892 865 1169 948 prudentissimo?

150 957 240 1024 Vale.
268 957 400 1043 Itomae,
422 956 493 1021 Kal.
516 956 592 1020 Dec.
616 953 809 1019 MDLXXII.

554 1188 767 1196 W

575 1376 748 1444 LXXXIII.

114 1523 139 1564 1⁰
255 1581 257 1586 ,
402 1518 557 1586 Caesari
582 1518 749 1586 Orlando
773 1527 850 1600 (XII,
866 1527 918 1595 13).

243 1663 337 1730 Nihil
359 1663 453 1728 abest
476 1666 633 1728 enatura
656 1684 727 1726 mee
748 1660 895 1748 longius,
920 1681 1019 1745 quam
1041 1661 1095 1726 uel
1118 1683 1170 1726 as·

155 1752 291 1837 senteri,
316 1752 402 1835 quod
429 1751 480 1816 sui
503 1751 662 1816 commodi
691 1773 749 1836 spe
777 1750 924 1834 plerique
952 1750 1089 1836 faciunt,
1117 1750 1172 1815 uel

156 1840 308 1906 inanibus
330 1839 441 1904 uerbis
462 1843 594 1923 tempus
617 1843 790 1906 conterere.
823 1839 909 1923 quod
932 1839 1001 1904 eius
1024 1842 1090 1923 est,
1113 1839 1171 1923 qui

156 1927 289 1992 minime
312 1949 369 1992 sua
396 1927 482 1991 bona
510 1928 605 1992 nouit
635 1928 755 2012 quique
783 1950 817 1992 se
845 1949 919 1992 cum
946 1927 1011 1992 sibi
1039 1930 1072 1991 et
1096 1928 1173 2012 suis,

117 2020 229 2081 ratum
260 2014 358 2079 etiam
390 2014 518 2079 ciuibus
547 2016 708 2083 uniuersis
738 2022 771 2081 et
798 2016 922 2100 patriae
948 2020 1063 2081 natum
1093 2015 1174 2082 obli-

156 2104 300 2173 uiscitur.
348 2103 435 2190 Ego,
466 2103 511 2167 mi
544 2102 673 2191 caesar,
705 2127 778 2170 cum
814 2109 987 2188 utrumque
1022 2109 1173 2170 nostrum

155 2217 259 2279 aequa
280 2193 370 2261 lance
393 2193 569 2278 perpendo,
592 2215 648 2258 cur
671 2194 741 2277 ipse
764 2193 827 2258 tibi
850 2198 1002 2280 assenter,
1025 2215 1173 2260 caussam

156 2283 253 2348 uideo
275 2304 343 2348 esse
366 2282 497 2346 nullam.
543 2286 581 2346 tu
599 2282 685 2348 enim
708 2286 765 2346 tua
782 2281 912 2368 uirtute,
936 2304 996 2368 ego
1016 2304 1087 2348 mea
1105 2283 1172 2348 for·

157 2376 237 2437 tuna
260 2376 430 2436 contentus
453 2370 539 2436 uiuo.
585 2371 613 2437 si
638 2370 712 2454 quis
735 2369 846 2434 didicit
869 2393 938 2436 esse
962 2370 1110 2458 blandus,
1134 2375 1173 2436 ut

114 2485 143 2526 so
158 2461 296 2525 alterum
324 2459 443 2546 capiat,
473 2459 543 2525 eius
569 2459 705 2524 artifieio
732 2458 822 2524 locus
850 2459 938 2544 apud
963 2463 996 2524 te
1023 2465 1172 2526 nonest.

158 2570 219 2634 ego
246 2551 367 2633 autem,
395 2549 422 2612 si
446 2549 621 2614 assentatio
649 2548 828 2614 mercedem
855 2552 981 2632 spectat
1008 2552 1064 2612 aut
1088 2570 1174 2614 emo-

156 2637 338 2701 lumentum
360 2636 494 2719 aliquod
516 2641 709 2720 aucupatur,
735 2636 819 2702 nihil
840 2637 960 2720 habeo,
987 2635 1074 2720 quod
1096 2659 1116 2700 a
1139 2641 1172 2701 ta

160 2729 344 2811 exspectem
367 2728 423 2788 aut
451 2726 538 2809 quod
564 2729 675 2809 petam
701 2725 921 2809 praestantius
944 2725 1172 2791 beneuolentia

157 2819 222 2880 tua.
260 2819 293 2879 at
316 2836 387 2879 eam
410 2813 548 2898 adeptus
566 2814 630 2878 iam
649 2836 720 2879 sum
739 2815 953 2899 adeptamque
971 2814 1055 2880 tanti
1079 2814 1173 2899 facio,

116 2927 143 2970 ro
158 2908 196 2969 ut
217 2903 300 2968 nihil
323 2906 526 2986 anteponam.
564 2903 664 2968 amari
688 2902 774 2967 enim
797 2903 839 2968 ab
862 2903 992 2968 homine
1016 2902 1173 2968 excellen-

158 2993 201 3056 tis
223 2991 360 3078 ingenii,
387 3012 531 3056 summae
558 2990 747 3078 probitatis,
775 2991 988 3078 cogitationes
1016 3013 1172 3074 curasque

158 3102 232 3144 suas
255 3101 365 3146 omnes
388 3079 429 3144 ad
452 3101 549 3164 unam
571 3079 726 3146 uirtutem
749 3080 920 3165 referente,
943 3079 1172 3146 iurisconsulto

158 3168 295 3253 denique
318 3166 545 3253 eruditissimo,
566 3190 633 3233 non
656 3191 695 3232 ex
718 3169 839 3235 recenti
863 3169 1026 3255 barbarie,
1053 3169 1109 3234 sed
1131 3169 1173 3233 ad

158 3257 247 3321 illam
270 3256 433 3322 doctrinae
457 3256 577 3322 ueteris
601 3257 795 3343 elegantiam
818 3258 960 3341 exculto,
989 3257 1102 3342 amari,
1126 3257 1174 3323 in·

118 3368 145 3407 oo
159 3366 264 3428 quam,
286 3345 345 3409 abs
367 3349 410 3429 te,
432 3345 491 3410 tali
510 3344 590 3430 uiro,
612 3350 645 3410 et
663 3346 728 3411 frui
746 3346 973 3412 beneuolentia
991 3351 1047 3411 tua
1066 3346 1174 3432 ipsum

158 3454 217 3514 per
240 3454 273 3496 se
296 3433 442 3516 optabile
465 3438 523 3498 est.
561 3456 634 3498 oum
652 3456 729 3500 uero
749 3436 790 3500 ab
815 3437 926 3501 eadem
944 3435 1174 3501 beneuolentia

159 3518 261 3590 multa
292 3519 373 3584 mihi
404 3521 548 3606 quotidie
585 3519 766 3590 commoda'
787 3529 972 3612 nascantur,
1005 3523 1084 3609 quid
1114 3527 1175 3612 est,
