2610 3890
418 153 553 210 LXXXV.
576 153 714 208 Insania
734 153 890 210 Zamoscio.
1096 154 1159 219 167

141 317 183 382 ad
201 320 233 381 te
252 316 357 401 mitta,
376 315 469 379 ualde
488 315 639 398 probant.
677 313 887 399 cardinalem,
905 315 1039 381 fratrem
1052 319 1156 401 tuum,

141 405 262 470 ueteris
286 404 472 488 exemplum
499 403 714 490 innocentiae,
742 405 889 468 columen
918 409 1046 470 sanctae
1070 405 1155 470 sedis

141 492 362 594 Apustoh'cae,
393 493 526 557 salutari
557 515 575 556 a
602 497 635 557 te
663 493 744 558 meis
770 493 894 579 uerbiS,
922 493 1026 578 magis
1057 517 1155 579 opere

143 605 249 667 cupro.

231 670 342 736 Valde.
369 670 491 734 Romae
513 668 583 736 XII.
606 669 679 736 Kal.
701 669 795 736 Mart.
817 668 1030 736 MDLXXIII.
1188 694 1202 734 s

543 955 757 967 -ῇ

570 1199 728 1267 LXXXV.

361 1359 412 1425 lc.
436 1359 545 1426 Sario
569 1353 763 1428 Zamoscio
788 1370 864 1440 (XII,
881 1358 946 1447 nt}

230 1519 408 1585 Multorum
440 1521 600 1585 mensium
631 1521 765 1585 aduersa
800 1518 987 1583 ualetudine
1018 1522 1157 1585 uexatus

142 1608 231 1672 omni
254 1631 388 1692 prorsus
411 1610 560 1674 carebam
589 1609 718 1695 legendi
742 1608 968 1692 scribendique
991 1608 1156 1672 facultate.

141 1697 229 1782 quod
252 1719 288 1762 eo
312 1698 393 1762 mihi
411 1698 446 1762 in
464 1698 578 1782 primis
597 1698 727 1763 nominc
746 1697 978 1782 permolestum
998 1701 1056 1781 est,
1080 1697 1156 1780 quia
1171 1721 1197 1760 rc

140 1786 252 1851 multis
276 1786 390 1851 adme
414 1787 633 1852 scribentibus
651 1787 846 1870 respondere
871 1786 939 1850 sinc
961 1785 1159 1850 ualetudinis

141 1875 344 1940 incommodo
373 1876 431 1940 uix
461 1897 602 1960 possum.
654 1897 730 1940 nam
766 1875 828 1939 etsi
859 1874 993 1959 depulsa
1029 1879 1078 1939 est
1108 1875 1159 1940 uis

141 1963 257 2050 morbi,
280 1964 435 2048 pristinas
458 1969 567 2029 tamen
589 1965 675 2030 uires
698 1965 843 2030 desidero
872 1969 904 2028 et
928 1963 1045 2048 capitis
1072 1963 1160 2029 infir-

141 2051 238 2116 mitas
260 2074 327 2117 non
350 2054 445 2118 modo
468 2053 660 2137 litterarum,
683 2053 739 2118 sed
757 2075 860 2138 prope
885 2052 1041 2117 sermonis
1064 2074 1159 2117 usum

141 2140 255 2204 adimit
279 2141 466 2227 quotidiani.
511 2142 614 2206 Dabis
637 2142 752 2228 igitur,
776 2141 821 2205 mi
843 2141 1004 2226 Zamosci‚
1028 2139 1157 2206 ueniam
1173 2161 1198 2202 15

141 2228 266 2293 homini
288 2229 337 2293 tui
361 2231 590 2316 amantissimo,
614 2231 726 2314 quite
750 2252 810 2314 pro
833 2228 957 2314 ingenii
981 2228 1159 2293 doctrinae·

145 2334 208 2400 que
245 2319 445 2403 praestantia
481 2319 614 2384 summis
647 2341 760 2383 ornare
793 2317 945 2382 laudibus
980 2338 1159 2402 numquam

141 2406 268 2492 desinit,
287 2407 314 2472 si
330 2407 370 2470 ad
387 2411 478 2472 tuam
496 2407 769 2494 elegantissimam
788 2407 961 2491 epistolam
978 2407 1041 2471 hoc
1057 2429 1161 2472 unum

141 2495 294 2582 rescribo,
312 2496 488 2561 rescribere
506 2519 558 2561 mc
577 2496 639 2561 tibi
658 2495 809 2580 pluribus
823 2495 933 2561 uerbis
952 2495 1014 2561 hcc
1029 2496 1159 2581 quidem

141 2587 287 2668 tempore
317 2607 383 2650 ncn
405 2585 510 2650 licere.
555 2606 644 2668 nam,
668 2607 741 2652 cum
763 2585 890 2672 licebit,
914 2585 1071 2669 persuade
1094 2585 1159 2650 tibi
1173 2606 1200 2646 ro

140 2694 207 2737 non
239 2695 308 2738 esse
340 2696 391 2738 mc
422 2675 680 2761 commissurum,
712 2679 750 2738 ut
788 2675 934 2739 debitum
964 2674 1160 2738 humanitati

127 2761 367 2844 *amicitiaeque
389 2768 518 2827 nostrae
543 2763 686 2829 officium
707 2785 774 2828 non
797 2763 990 2846 persoluam.
1027 2761 1160 2826 interim

141 2849 220 2913 haec
243 2870 360 2936 pauca,
383 2854 420 2915 ut
443 2852 565 2916 recenti
588 2853 717 2934 morbo,
740 2851 971 2916 uacillantibus
994 2849 1159 2915 litterulis.

141 2935 231 3002 Vale.
259 2937 390 3026 Romae,
412 2962 486 3004 non.
510 2940 585 3006 Dec.
609 2939 817 3005 MDLXXHI.
