2610 3890
399 145 521 204 XLVIII.
540 145 638 202 Ioanni
655 146 825 210 IurriIiano.
1077 149 1120 216 97

93 309 172 395 giae
192 306 267 372 illos
286 306 418 391 quidem
437 307 478 371 ad
496 305 652 374 uirtutem
669 307 797 393 indolis,
820 315 1042 377 uerumtamen
1060 332 1119 376 suo

94 397 200 485 etiam
214 394 374 479 exemplO,
395 395 507 480 quales
521 418 590 462 esse
608 396 737 482 debent,
752 397 834 462 tales
848 403 999 482 praestat.
1033 401 1119 485 quod

95 487 134 552 in
156 507 276 572 magna
299 488 462 569 potestate
490 506 663 568 rerumque
691 485 785 570 copia
816 508 913 570 quam
935 509 1002 554 non
1024 488 1118 554 facile
1209 493 1216 508 ’

97 574 280 660 contingat,
302 573 428 640 utinam
451 573 617 638 ueteribus
639 578 781 657 tantum,
803 597 869 640 non
892 575 991 640 etiam
1013 599 1118 642 recen·

94 663 191 730 tibus
210 661 367 746 exemplis
386 661 553 747 cognitum
571 661 771 728 haberemus.
806 663 920 728 Multis
938 663 1018 729 loeis
1037 665 1119 729 aedi·
1149 689 1163 730 s

95 753 217 817 ficetur
239 753 383 837 strenue3
404 771 480 814 narn
498 749 660 835 Pontifex,
683 755 720 816 ut
738 752 916 835 praestanti
935 751 1042 817 animo
1062 757 1119 837 est,

94 839 255 924 antiquae
284 839 373 905 illius
404 838 526 903 Romae
558 839 698 922 speeiem
733 839 884 906 eximiam
918 845 950 906 et
982 841 1119 906 formam

95 928 297 1015 cogitatione
321 949 358 992 ac
376 931 484 992 mente
503 927 691 1010 complexus
714 928 848 993 excitari
870 929 1035 1013 praeclara
1054 951 1118 994 mo-

95 1021 268 1100 numenta,
296 1016 366 1081 uias
393 1015 521 1080 restitui
554 1019 693 1100 ueteres,
723 1038 826 1082 nouas
853 1017 987 1104 muniri,
1019 1040 1119 1101 aquas

96 1107 200 1172 etiam
221 1127 242 1169 a
258 1103 446 1192 longinquis
464 1103 612 1170 fontibus
630 1104 775 1189 impensa
794 1105 934 1170 maxima
951 1106 987 1170 in
1004 1107 1119 1171 urbem
1134 1129 1159 1169 ro

95 1194 174 1268 duci
206 1193 308 1259 iubet.
354 1213 435 1277 quae
464 1214 538 1257 cum
564 1198 659 1259 erunt
682 1193 844 1278 absoluta,
871 1195 955 1260 nihil
985 1198 1119 1279 aspectu

97 1281 283 1368 pulchrius,
314 1281 398 1349 nihil
425 1281 684 1368 magnificentius
712 1287 768 1348 aut
795 1283 893 1349 etiam
920 1284 1119 1351 commodius

94 1393 169 1436 esse
197 1369 328 1456 poterit.
377 1369 451 1456 Ego
480 1391 675 1453 quamquam
697 1375 769 1436 tum
801 1372 881 1438 aliis¹
904 1373 1016 1459 rebus,
1048 1378 1118 1439 tum

95 1459 208 1526 officio
241 1458 402 1524 salutandi
430 1457 657 1523 molestissimo
686 1458 831 1543 quotidie
858 1459 925 1524 fere
954 1461 1118 1544 distineor,

94 1547 238 1620 iucunde
266 1551 375 1612 tamen
402 1547 481 1612 satis
508 1546 600 1632 uiuo,
630 1546 657 1612 si
684 1547 780 1612 modo
811 1545 936 1611 homini
966 1548 1158 1613 scientiaea

18 1669 25 1682 ·
94 1636 219 1721 cupido
233 1636 302 1700 sine
316 1636 475 1703 librorum
492 1657 563 1720 usu,
587 1657 651 1720 quo
671 1633 853 1719 perinuitus
867 1656 968 1719 careo,
986 1634 1117 1701 iucundi

95 1725 280 1811 quidquam
303 1746 371 1790 esse
394 1728 511 1809 potest.
556 1723 670 1789 Praela
689 1726 802 1788 nostra
830 1723 1024 1808 comparatis
1053 1723 1118 1788 iam

96 1816 167 1882 fere
192 1814 343 1880 omnibus
365 1814 475 1897 rebus,
499 1834 580 1897 quae
603 1813 644 1878 ad
666 1812 917 1896 imprimendum
944 1812 1118 1898 pertinent,

98 1902 292 1988 propediem
324 1902 359 1966 in
391 1901 498 1966 officio
532 1905 627 1966 crunt
659 1905 691 1967 et
724 1923 743 1965 e
775 1899 929 1986 Cypriani
961 1902 1120 1986 epistolis,

96 1991 189 2077 quod
211 1990 290 2056 felix
312 1990 518 2073 faustumque
542 1989 594 2071 sit,
617 1988 748 2055 initium
774 1990 839 2055 fiet.
876 1990 926 2056 De
949 1995 1006 2055 tuo
1031 1995 1118 2055 statu
1132 2013 1159 2053 ao

97 2079 332 2164 exspectabam
364 2077 495 2143 omnino
534 2076 659 2161 aliquid
697 2100 736 2142 ex
772 2077 891 2144 litteris
921 2078 987 2143 tuis
1019 2079 1117 2162 idque

97 2167 266 2254 postulare
290 2166 462 2232 uidebatur
484 2165 626 2230 amicitia
643 2170 762 2242 nostra.
808 2166 864 2230 sed
887 2187 961 2230 cum
984 2187 1021 2229 ea
1044 2187 1118 2248 spes

99 2279 152 2322 me
167 2254 328 2338 fefellerit,
344 2253 435 2319 nolui
449 2254 659 2337 committere,
678 2258 715 2318 ut
734 2247 877 2334 uicissim
891 2253 961 2337 ipse
976 2253 1118 2317 officium

100 2365 211 2410 meum
239 2342 417 2408 desiderare
445 2365 565 2427 posses.
615 2342 696 2407 Vale
725 2345 757 2406 et
785 2341 873 2407 salue
900 2363 919 2404 a
946 2341 1013 2406 filio
1037 2361 1118 2423 meo,

98 2433 153 2498 cui
178 2432 299 2516 raptim
321 2433 401 2497 haec
423 2454 516 2496 mane
540 2430 673 2515 dictaui,
696 2451 770 2496 cum
792 2430 827 2496 in
849 2429 1043 2495 Vaticanum
1064 2452 1117 2494 ne·
1132 2451 1159 2493 ss

97 2521 185 2608 getii
208 2543 320 2586 caussa
343 2542 559 2605 properarem.
604 2519 736 2604 Romae,
758 2519 853 2585 nonis
875 2519 951 2584 Dee.
970 2517 1122 2607 MDLXI„

503 2752 716 2761 -.-.—..--

504 2997 506 3000 -
539 2943 680 3010 XLVIII.

209 3087 344 3154 Ioanni
368 3085 591 3152 Turritiano
615 3086 876 3179 Sermonetam
899 3094 961 3166 (VI,
977 3095 1013 3164 e).

196 3228 236 3296 ln
266 3251 385 3318 magna
416 3228 631 3313 iucunditate,
664 3251 762 3313 quam
795 3227 855 3292 'tua
890 3226 971 3292 mihi
1007 3225 1119 3291 attulit

100 3318 251 3404 epistola,
264 3319 431 3384 molestiae
444 3317 593 3383 nonnihil
607 3339 644 3382 ac
658 3317 777 3384 doloris
791 3315 950 3400 adspersit
964 3313 1020 3381 illa
1034 3335 1118 3399 pars,
1132 3343 1161 3384 ω

101 3409 137 3474 in
152 3429 217 3492 quc
230 3407 391 3473 Bonifacii
405 3406 536 3471 caetani
550 3405 688 3491 nomine,
701 3403 863 3488 Principis
882 3401 1014 3489 egregii,
1029 3402 1119 3468 cuius

100 3518 200 3566 eausa
227 3496 312 3563 uelle
339 3518 390 3562 me
418 3494 526 3560 omnia
555 3498 652 3579 atque
682 3493 779 3558 etiam
809 3491 925 3555 debere
955 3491 1119 3577 confiteor,

157 3612 181 3651 P.
195 3609 299 3652 Manutit
312 3609 425 3660 epistulae
441 3609 546 3650 selectae.
890 3601 904 3650 7
1037 3583 1040 3588 ‚
