2610 3890
184 203 248 269 106
524 203 620 260 XLIX.
643 205 688 258 Ad
707 205 788 260 Pium
807 205 853 260 IV.

182 366 319 453 quadam
338 363 498 430 suauitate
516 370 724 450 penetrantes
743 364 909 433 exaudiuit
927 363 1092 430 attentius.
1128 363 1203 432 Nec

78 493 83 502 ·
181 478 258 520 uero
282 453 457 539 quidquam
479 454 595 520 habuit
618 456 792 542 antiquius,
816 477 912 541 quam
935 458 972 518 ut
995 476 1014 518 a
1037 455 1204 519 sanctissi-

181 545 243 610 mis
256 543 419 630 Ecclesiae
438 543 568 629 legibus
591 544 791 611 discedentes
814 564 944 629 quoquo
968 543 1063 607 modo
1088 543 1129 606 ad
1152 565 1204 607 sa-

180 633 317 698 nitatem
343 631 498 718 redirent,
530 654 603 697 cum
630 633 701 716 ipse
728 632 849 699 multos
877 630 1099 697 cohortatione
1133 653 1203 716 sua,

154 721 326 808 sconsilio,
359 720 516 805 doctrina,
552 721 726 788 nonnullos
758 722 856 787 etiarn
888 719 1022 784 lenitate
1059 719 1203 803 quadarn

177 811 223 876 ad
245 809 378 874 meliora
401 808 535 874 consilia
558 815 768 876 conuerteret.
813 808 931 876 incidit
953 813 1097 894 tempus,
1126 830 1203 872 cum
1293 893 1294 898 ἵ

182 900 221 964 de
244 897 443 964 sufficiendo
473 903 549 981 post
582 899 709 964 obitum
740 898 846 963 Paulli
869 895 925 964 ΠΙ.
956 896 1115 962 Pontifice
1145 897 1202 960 ha·

181 987 287 1054 benda
324 986 549 1052 cardinalibus
585 987 774 1053 deliberatio
811 991 904 1052 esset.
964 985 1057 1050 affuit
1099 984 1202 1050 Polus

181 1077 227 1142 ita
253 1075 373 1141 'sedato
405 1075 526 1160 animo,
556 1076 604 1143 ita
636 1075 824 1161 cupiditatis
855 1080 888 1140 et
924 1072 1114 1140 ambitionis
1148 1096 1202 1138 ex-

142 1191 168 1231 ro
181 1188 269 1250 pers,
298 1168 335 1229 ut
362 1164 483 1228 maiore
511 1163 647 1251 collegii
674 1169 767 1249 parte
791 1163 1022 1231 Pontificatum
1055 1161 1097 1226 ad
1124 1184 1201 1227 eum

182 1254 345 1318 deferente
376 1273 443 1316 non
472 1252 582 1317 statim
619 1253 791 1318 assenserit
823 1251 1097 1335 differendamque
1129 1273 1200 1315 rem

181 1345 305 1405 tantam
337 1339 372 1404 in
400 1343 567 1424 posterum
599 1339 684 1404 diem
716 1341 885 1406 censuerit.
934 1341 1004 1405 fore
1037 1339 1139 1424 enirn,
1172 1340 1200 1404 si

180 1429 335 1515 probaret
353 1428 450 1514 Deus,
474 1429 609 1494 eundern
628 1433 704 1513 post
722 1429 846 1514 aliquot
864 1430 960 1494 horas
979 1427 1201 1492 Gardinalium
1295 1425 1296 1434 ’

181 1540 386 1603 consensum,
409 1517 460 1582 sin
482 1517 602 1604 minus,
625 1519 756 1583 omnino
781 1518 858 1604 sibi,
883 1517 969 1602 quod
990 1516 1061 1582 Deo
1087 1516 1201 1601 displi-

143 1631 168 1672 re
182 1611 281 1694 cerat,
309 1607 435 1691 placere
462 1628 529 1671 non
556 1628 660 1690 posse.
705 1605 844 1690 Scripsit
871 1606 969 1671 etiarn
996 1605 1031 1669 in
1055 1627 1093 1670 eo
1119 1604 1202 1670 Gon-

176 1696 264 1761 claui
283 1695 446 1780 praeclara
470 1695 625 1779 quaedam
644 1695 682 1760 de
701 1695 808 1761 officio
831 1694 1007 1780 Pontificis,
1026 1715 1200 1777 quaecum
1296 1695 1297 1716 ³

181 1784 254 1850 aliis
288 1784 358 1848 eius
388 1783 500 1869 libris,
538 1805 620 1867 quos
651 1783 786 1849 Ioannes
818 1783 986 1869 Moronus,
1019 1781 1201 1847 Gardinalis

181 1873 223 1938 ob
248 1894 372 1938 summa
391 1893 467 1956 erga
485 1870 600 1936 Sedem
617 1872 839 1957 Apostolicam
858 1872 974 1938 merita
992 1875 1202 1955 perpetuam-
1297 1940 1298 1958 ἦ

182 1981 244 2044 que
272 1960 359 2025 uitae
387 1959 604 2026 innocentiam
632 1961 840 2044 clarissimus,
868 1964 1013 2027 accurate
1043 1961 1201 2045 seruauit,

115 2075 167 2131 ‚ao
180 2049 369 2136 propediem
392 2049 426 2113 in
448 2048 552 2115 lucem
570 2050 783 2134 proferentur.
820 2050 940 2135 quibus
957 2050 993 2114 in·
1010 2047 1105 2113 libris
1124 2071 1202 2114 curn

180 2139 303 2225 spirare
326 2138 429 2204 adhuc
447 2160 538 2204 mens
556 2139 613 2203 illa
631 2139 734 2205 diuini
751 2137 891 2206 hominis
910 2143 943 2203 ct
961 2138 1072 2224 uigere
1090 2137 1202 2204 uidea-

179 2234 241 2316 tur,
261 2229 419 2294 afficimur
436 2233 587 2293 nontam
606 2228 787 2312 praeceptis
804 2232 901 2312 atque
924 2225 1079 2313 doctrina,
1099 2249 1201 2311 quam

179 2319 399 2385 recordatione
421 2321 586 2382 tantarum
609 2317 781 2401 uirtutum,
804 2338 884 2400 quas
907 2315 941 2381 in
963 2316 1021 2382 illo
1043 2315 1200 2383 uidimus.
1296 2333 1297 2336 ’

180 2406 276 2472 Vitae
298 2406 442 2471 clausula
464 2406 540 2492 fuit,
567 2406 602 2470 in
629 2427 693 2490 qua
721 2404 861 2470 ostendit
888 2404 1001 2469 lumen
1025 2403 1126 2469 animi
1150 2406 1201 2471 in-

138 2515 166 2556 ²⁶
180 2514 332 2665 {illiti
354 2493 1201 2668 {blitttettttatgtabactae:

182 2667 240 2733 rici
267 2668 424 2754 primum,
452 2668 566 2733 deinde
589 2668 728 2734 Odoardi
751 2669 820 2734 eius
843 2669 916 2755 filii,
942 2669 1110 2757 legitimus
1133 2670 1198 2736 Dei

180 2757 285 2823 cultus
308 2757 500 2822 intermissis
523 2757 656 2842 optimis
678 2757 797 2824 ritibus
820 2757 1035 2824 obsoleuissct
1057 2780 1198 2843 cumque

179 2846 330 2912 interitus
354 2844 493 2912 Odoardi
521 2847 710 2913 succedente
738 2847 806 2912 eius
834 2869 943 2913 sorore
970 2846 1074 2912 Maria
1102 2869 1199 2931 spem

136 2957 165 2998 eo
179 2935 322 3020 aliquam
341 2936 538 3001 reuocandae
556 2935 688 3020 pietatis
702 2940 735 3001 et
752 2935 920 3021 religionis
933 2935 1106 3022 attulisset,
1125 2936 1198 3002 uisa

179 3029 228 3089 est
255 3025 350 3089 unius
383 3025 522 3088 maxime
555 3024 627 3089 Poli
663 3023 823 3107 sapientia
858 3028 979 3089 rectam
1010 3024 1199 3092 errantibus

178 3113 267 3179 uiam
288 3117 467 3178 monstrare
490 3135 595 3196 posse,
617 3111 767 3176 adiuncta
789 3112 980 3196 praesertim
1002 3113 1198 3179 auctoritate

177 3207 277 3289 tanta,
301 3206 454 3287 quantam
476 3222 535 3266 nec
558 3201 627 3266 sine
650 3200 771 3266 uirtute
794 3200 935 3287 dignitas
963 3201 1029 3265 ulla
1056 3208 1199 3286 pareret,

176 3313 236 3356 nec
264 3291 334 3358 sine
367 3289 524 3377 dignitate
557 3289 669 3354 uirtus.
723 3289 758 3353 in
788 3311 825 3354 ea
856 3289 1018 3376 legatione
1051 3291 1198 3374 optimos

134 3399 164 3440 ac
177 3380 322 3466 Reginae
345 3401 458 3444 sensus
481 3377 692 3462 confirmauit,
714 3377 919 3462 principibus
937 3377 1016 3444 uiris
1035 3382 1068 3442 et
1086 3380 1198 3444 multi-

176 3469 282 3533 tudini
310 3468 484 3555 persuasit,
516 3471 553 3532 ut
579 3488 698 3532 nouam
723 3466 881 3531 haeresim
908 3465 1040 3530 Henrici
1069 3467 1198 3533 nefaria

176 3557 312 3624 libidine
339 3558 503 3624 inductam
531 3557 716 3642 obiicerent,
742 3558 884 3620 ueterem
912 3576 1075 3620 sacrorum
1104 3555 1200 3622 disci-
