2610 3890
156 169 222 232 148
441 164 540 223 LXXI.
568 161 724 219 Octauiano
742 161 878 217 Fer-ratio.

155 326 267 395 temen
289 325 376 393 uitae
399 347 516 413 genere
543 325 659 412 libros,
683 345 866 389 communes
885 321 1014 387 deficies
1031 327 1180 412 nostras,

157 416 313 483 abiecisse
337 437 388 480 me
411 415 543 499 penitus
563 414 667 479 nolim
689 413 863 478 existimes.
906 411 1076 478 nobiseum
1098 413 1178 478 ubi-

158 527 221 590 que
236 509 321 589 sunt,
339 504 474 571 comites
486 524 664 586 numquam
676 501 814 587 molesti,
832 501 1009 586 loquentes,
1028 500 1177 587 silentes,

158 615 232 660 oum
255 594 418 676 uolumus,
448 591 554 678 quood
575 591 733 656 uolumus.
779 593 812 654 et
835 611 1028 674 quemquem
1051 590 1177 656 ueteris
1301 659 1302 674 q

131 682 267 749 omorbi
300 681 455 782 reliquiae
487 680 644 765 quaedam
676 682 850 778 supersunt
886 682 919 742 et
950 677 1036 743 uires
1066 677 1176 744 adhue

157 767 811 944 lssglinlsselldliddlielfflffeii
833 767 1178 955 tuddul&

70 1001 72 1006 .
158 949 324 1033 uidentur,
350 947 397 1011 ite
425 946 577 1032 prooedet
604 944 763 1011 industrio
789 944 844 1010 uel
872 966 891 1008 a
916 946 948 1008 te
975 943 1178 1028 probabrtur

159 1047 194 1124 (a
225 1041 258 1102 te
287 1058 360 1101 eum
388 1035 473 1120 dioo,
509 1035 566 1119 qui
599 1033 765 1098 subtiliter
796 1037 828 1097 et
865 1032 986 1097 sineere
1019 1031 1176 1120 iudicant,

121 1149 148 1188 10
163 1125 259 1190 simul
282 1145 394 1190 omnes
416 1122 574 1209 intelligo.
619 1126 657 1188 tu
680 1122 766 1186 enim
788 1121 817 1186 is
840 1143 883 1204 es,
907 1142 1004 1204 quem
1021 1142 1080 1185 nee
1104 1122 1176 1205 opi·
1302 1159 1303 1162 =

158 1214 213 1278 nio
246 1212 351 1296 fallet,
382 1233 441 1275 neo
473 1210 625 1275 uoluntas
656 1233 676 1274 a
704 1210 841 1275 ueritate
873 1206 1078 1295 detorqueat)
1109 1211 1175 1298 uel,

160 1300 240 1386 quin
267 1321 319 1363 me
347 1303 444 1382 putes
472 1298 576 1362 omnis
604 1303 772 1382 expertem
799 1298 921 1384 ingenii
947 1320 1007 1363 neo
1034 1297 1072 1362 de
1098 1321 1176 1365 mea

158 1409 218 1452 neo
242 1387 281 1452 de
304 1386 494 1471 cuiusquam
518 1385 648 1452 omnino
668 1387 821 1452 facultate
845 1390 985 1452 statuere
1009 1391 1042 1452 et
1065 1387 1177 1452 existi-

160 1498 247 1544 mare
279 1475 455 1562 quidquam
484 1497 592 1562 posse,
625 1499 690 1542 non
719 1498 840 1541 reeuso.
888 1477 993 1542 Loous
1023 1476 1092 1560 ipse
1121 1499 1176 1542 me

120 1589 147 1630 15
161 1587 283 1632 uacuus
305 1565 606 1650 interpellatoribus
625 1569 658 1630 et
676 1565 755 1630 haee
773 1565 904 1630 uiuendi
923 1564 1084 1630 arbitratu
1100 1587 1176 1630 meo
1303 1551 1304 1582 ³

158 1677 269 1722 rerum
292 1654 436 1719 omnium
464 1653 649 1718 dulcissima
677 1657 790 1737 optata
817 1657 912 1718 antea
938 1653 1048 1739 potius
1076 1675 1177 1738 quum

160 1747 290 1828 sperata
319 1742 455 1807 libertas
484 1742 652 1827 inuitauit,
681 1748 718 1807 ut
749 1742 872 1808 ordirer
900 1742 945 1827 id,
977 1742 1077 1826 quod,
1109 1741 1176 1807 nisi

159 1831 268 1896 sedern
291 1830 345 1895 hio
367 1834 475 1896 statuo
499 1835 556 1896 aut
579 1835 679 1916 certe,
705 1830 769 1896 nisi
791 1831 826 1896 in
848 1832 910 1897 hoo
933 1853 1061 1896 secessu
1084 1830 1178 1897 etin

157 1919 220 1983 heo
247 1940 348 2003 poene
379 1918 566 2004 solitudine,
593 1919 684 2008 (nam
713 1920 741 1984 si
771 1941 844 1986 oum
871 1920 951 1985 urbe
981 1919 1177 2006 conferatur,

120 2031 149 2071 20
163 2028 360 2091 quamquam
378 2007 504 2073 celebre
524 2008 603 2073 setis
622 2009 762 2095 opidum,
785 2008 925 2074 solitudo
944 2013 1053 2074 tamen
1070 2009 1177 2075 uideri

160 2095 318 2180 quaedem
345 2094 465 2183 possit)
495 2097 650 2162 maiorem
678 2097 754 2162 anni
781 2102 909 2182 partem
936 2119 1176 2186 eonsumpsero,

159 2207 288 2271 uereor,
320 2207 361 2250 ne
392 2208 463 2251 sero
490 2186 675 2270 admodum,
706 2186 843 2252 fortasse
876 2187 973 2251 etiem
1004 2191 1177 2271 pertexere

159 2296 338 2375 numquam
360 2274 465 2340 lioeet.
511 2295 594 2376 qpus
618 2279 753 2375 estnec
780 2275 937 2360 temporis
964 2297 1024 2340 neo
1050 2275 1178 2341 laboris

119 2472 148 2512 25
160 2384 308 2515 laxlrlrlldm
330 2363 1014 2538 ssqfflgmlsllqtiffiqtilglfflffiadeffiqffi
1035 2367 1180 2520 odddeddr

160 2541 198 2602 ut
225 2537 362 2624 fugiam:
391 2538 523 2604 interim
550 2543 672 2626 tamen,
701 2541 868 2625 superiore
895 2541 1038 2626 periculo
1067 2541 1177 2606 admo·

158 2624 262 2710 nitus,
288 2645 405 2708 operae
428 2648 587 2711 oureeque
610 2627 685 2712 plus
707 2629 742 2693 in
765 2629 995 2716 ualetudinem,
1019 2652 1117 2715 quom
1140 2630 1176 2695 in

156 2712 460 2870 {qudiaffinffiqm
498 2715 588 2782 Vale.
628 2716 681 2782 Ex
704 2718 799 2803 opido
818 2719 918 2784 Plebe
937 2717 1036 2803 Soreoi,
1058 2717 1112 2784 Vl.
1133 2718 1177 2786 id.

193 2824 243 2867 ou.
420 2855 427 2870 .

250 3002 283 3050 28
304 2995 400 3050 ‘Plebe
424 2997 515 3051 Seooi'
546 2998 576 3052 in
600 3014 633 3052 eo
657 2998 793 3070 oppidulo
821 2999 916 3056 uxoris
944 3000 1032 3056 freter
1056 3000 1177 3055 Carolus

155 3063 287 3121 Odonius
306 3066 404 3119 uillam
422 3067 537 3124 uidetur
556 3069 699 3124 habuisse,

562 3321 772 3334 ——..-..
