2610 3890
362 186 513 243 XXXVIII.
539 187 674 243 Michaeli
691 186 836 244 Turriano.
1065 189 1108 255 83

91 371 177 414 sum.
218 347 263 413 nt
286 347 383 412 simul
405 348 446 413 ad
469 349 625 435 quosdam
648 349 767 433 opibus
790 350 972 435 affluentes,
995 349 1108 415 multis

91 438 293 520 imperantes
322 436 509 503 nationibus
540 438 770 524 cogitationem
796 441 986 503 conuertens
1014 438 1106 504 doleo

92 526 202 590 uicem
224 526 382 590 bonarum
405 526 535 611 artium,
567 546 648 611 quae
671 525 858 591 deserantur
885 527 926 590 ab
950 526 1003 609 iis,
1030 549 1107 610 quo-

91 635 169 678 rum
209 612 388 697 patrocinio
430 613 458 678 si
494 618 674 700 uterentur,
714 615 856 679 fructum
891 612 1107 680 retribuerent

93 724 185 787 eum,
218 702 273 786 qui
304 705 354 766 est
381 701 533 767 omnibus
561 701 774 786 imperiisan
774 700 983 854 teponendus.
1030 702 1148 786 quide

94 753 185 854 enini
207 793 256 854 est
279 789 503 855 immortalitat
489 793 521 854 te
540 795 649 874 praest
635 789 779 855 tentius?
812 790 883 874 quis
903 793 1108 876 autemeam,

93 877 160 942 nisi
197 877 353 943 beneficio
389 876 584 962 litterarum,
622 881 790 962 oonseqmt
766 878 851 943 'tur‘l
900 878 1083 943 laterent
1074 899 1109 942 111

95 965 241 1066 tenebris
271 966 381 1030 obruti
355 969 572 1031 tuetustate
540 964 765 1051 thesares,
794 965 982 1051 Alexandri,
1012 966 1108 1050 plane

96 1053 202 1144 omnis
225 1054 417 1138 antiquitas,
439 1054 504 1119 nisi
526 1076 634 1119 rerum
656 1017 910 1138 praeclarissime
934 1058 1108 1140 gestarum,

96 1140 176 1228 quas
210 1164 285 1207 oum
318 1142 519 1227 audimus,
510 1147 582 1207 1m1t
558 1141 658 1207 tandi
689 1142 867 1226 eupiditate
899 1142 1109 1227 accendimur,
1123 1165 1149 1205 11

95 1235 215 1295 testem
233 1230 426 1296 haberemus
443 1231 621 1296 historiam.
657 1230 729 1314 Quo
738 1230 873 1333 Mmagis
872 1230 936 1295 tibi
953 1231 1108 1318 gratulor,

95 1317 307 1383 Antistest
275 1323 307 1383 et
339 1319 424 1384 idem
451 1318 606 1403 Princeps
636 1319 778 1406 egregie,
812 1319 867 1404 qui
899 1320 982 1385 hanc
1014 1341 1108 1385 uerae

95 1406 200 1471 laudis
223 1427 327 1492 paene
349 1428 483 1471 vacuam
505 1407 600 1471 hodie
619 1407 857 1491 possessionem
879 1411 946 1472 tam
968 1407 1109 1473 libenter

97 1516 235 1580 occupes
254 1499 459 1579 ueteremque
478 1495 668 1560 maiorumt
654 1499 783 1559 tuorum
802 1495 840 1558 de
856 1495 1007 1559 omnibus
1026 1497 1108 1559 bene

97 1583 240 1648 merendi
270 1583 545 1668 consuetudinem,
575 1583 664 1648 nulla
693 1604 826 1684 prorsus
853 1587 983 1646 tuarum
1009 1582 1075 1646 fort
1061 1586 1109 1646 1-11
1125 1602 1151 1646 11

97 1683 213 1736 narum
240 1670 364 1736 ratione
391 1671 519 1756 habita,
546 1674 681 1736 constan
640 1670 805 1735 entissime
828 1675 877 1735 ret
878 1669 976 1734 ineas
1018 1669 1111 1748 Quod

98 1781 174 1824 uero
199 1759 296 1824 istam
319 1759 474 1824 uirtutem
496 1721 609 1824 1111111111
636 1763 729 1860 praet
731 1781 803 1824 erea
830 1758 1022 1844 uirtutibus,
1049 1780 1111 1823 usu

98 1869 206 1912 rerum
241 1847 467 1932 maximarum,
503 1847 653 1931 prudent
644 1870 688 1933 1a,
725 1847 881 1933 doctrina,
919 1847 1080 1933 eloquent
1071 1869 1112 1934 11,

99 1936 238 2000 maxime
262 1957 338 2000 uero
366 1935 548 2001 humanitat
500 1940 567 2001 tate
596 1899 800 2001 cumdlast
767 1941 863 2021 atque
892 1957 1043 2023 exornas,
1070 1936 1111 2001 11-

100 2024 182 2089 circo
208 2027 241 2087 et
260 2027 316 2088 ant
318 2045 354 2087 ea
302 2023 494 2088 tltomae
513 2024 638 2108 atque
629 2047 664 2088 m
681 2023 747 2090 tuis
764 2023 853 2111 legat
839 2024 984 2090 tionibus
1002 2024 1110 2090 Eccle-
1125 2047 1152 2088 11

100 2113 163 2177 siae
187 2133 301 2176 caussa
323 2112 491 2196 susceptis
514 2111 731 2212 magnificent
722 2113 831 2177 issima
850 2113 951 2212 gestis
975 2117 1008 2175 et
1025 2134 1111 2176 nunc

100 2200 133 2265 in
154 2199 276 2264 urbet
261 2203 327 2284 tua,
350 2221 447 2284 quam
471 2198 580 2265 diuino
604 2200 756 2265 simulet
777 2199 950 2276 humano
940 2221 1010 2263 rure
1033 2202 1111 2262 tem-

98 2311 203 2373 peras,
226 2308 399 2352 concursus
422 2288 463 2352 ad
480 2292 513 2352 te
537 2287 680 2372 quotidie
703 2287 785 2352 fiunt
771 2292 850 2388 top
853 2287 1006 2351 timorum
1028 2285 1111 2350 uiro-

98 2399 170 2442 rum
199 2380 366 2440 eteorum
388 2376 540 2460 1111111111,
567 2376 624 2460 qui
651 2375 744 2440 aut
734 2374 799 2459 rpsi
827 2374 957 2461 ingenio
980 2374 1111 2440 litteris-

99 2486 160 2550 que
184 2468 352 2616 praestant
375 2468 431 2528 aut
453 2465 568 2529 saltem
587 2463 626 2528 de
644 2463 906 2550 ingeniorum
866 2463 921 2528 li
907 2468 1111 2548 terarumque
1126 2485 1152 2526 11

100 2556 252 2636 praestan
211 2553 299 2617 antia
253 2552 462 2617 tiudicare
485 2557 630 2637 possunt
677 2552 797 2636 inquo
826 2575 921 2636 saepe
948 2553 1113 2617 fortunam

99 2663 227 2726 accuso,
262 2661 342 2725 quae
373 2640 452 2704 mihi
482 2640 616 2706 facultat
568 2644 668 2705 tatem
697 2640 848 2705 ueniendi
877 2642 961 2705 adt
947 2645 996 2726 t,e
1027 2641 1113 2726 quod

99 2751 187 2794 eram
209 2731 271 2793 hac
294 2733 415 2794 aestate
439 2719 605 2812 pollicitus
633 2734 666 2792 et
689 2729 784 2812 cupio
813 2728 985 2793 uehement
971 2733 1033 2810 ter,
1060 2728 1111 2790 ad-

99 2819 162 2883 huc
187 2816 332 2917 quidem
368 2817 494 2902 eripiat.
546 2817 634 2900 quod
670 2838 742 2881 cum
777 2816 904 2899 licebit,
941 2835 1112 2880 accurram

102 2905 179 2989 quid
203 2905 290 2970 enim
313 2905 375 2970 ista
398 2903 592 2970 amoenitate
619 2902 1154 2990 111111111111111111111111

101 2993 215 3059 brius?
257 2992 335 3077 quid
361 3015 458 3094 porro
488 2992 528 3058 ad
556 2994 651 3057 beate
674 2992 849 3057 uiuendum
873 2991 981 3056 deesse
1005 2995 1114 3075 potest

102 3083 139 3167 ei,
162 3081 220 3166 qui
244 3085 351 3146 tecum
374 3082 487 3147 uiuat?
524 3081 614 3146 cuius
637 3080 672 3145 in
695 3081 828 3145 aedibus
851 3080 994 3165 primum
1012 3080 1115 3144 oritur

102 3193 140 3233 11
163 3175 222 3234 tua
246 3169 416 3253 disciplina
439 3169 552 3254 uirtus,
575 3168 689 3233 deinde
713 3168 834 3253 excipit
858 3169 1014 3234 uirtutem
1035 3167 1114 3232 libc-

102 3259 222 3323 ralitas.
257 3257 329 3322 Hoc
348 3259 458 3345 igitur,
476 3278 550 3323 cum
568 3279 627 3340 per
645 3257 776 3343 negotia
794 3257 920 3320 licebit·
913 3261 973 3340 ,et
991 3252 1115 3330 utinam

102 3352 228 3412 mature
250 3346 354 3412 liceat.
401 3347 532 3412 interim
554 3346 709 3410 memoria
731 3345 779 3408 tui
803 3345 891 3409 fruar
919 3347 1015 3424 teque
1038 3338 1157 3404 1111111

102 3434 201 3499 hoot
187 3439 346 3499 terrarum
368 3459 406 3520 sp
409 3435 475 3500 atio
428 3434 635 3500 tdisiunct
636 3454 691 3496 um
710 3433 881 3514 colam,ut
845 3431 1124 3511 upraesentem,

103 3543 161 3587 nec
184 3523 289 3586 ullum
312 3545 387 3608 erga
385 3460 456 3608 pte,
482 3522 568 3605 quod
591 3520 632 3584 ab
656 3519 823 3584 hominet
825 3515 911 3580 uit
809 3513 1116 3580 ttsudiosissimo

869 3616 904 3670 6*
