2578 3896
365 207 476 267 XXXV.
500 207 540 265 Io.
560 208 708 280 Baptistae
725 209 841 280 Piguae.
1067 212 1108 278 ’Π

95 373 221 460 potius,
249 374 288 437 ut
315 392 390 436 uere
419 370 535 456 dicam,
565 375 598 435 et
625 369 722 436 simul
750 393 873 456 omnes,
902 374 958 458 qui
985 379 1018 439 te
1042 374 1112 439 dili·

96 466 193 549 gunt,
230 481 306 526 cura
337 459 492 550 solicitat,
527 481 568 526 ne
604 463 638 524 te
673 459 769 525 nobis
806 461 946 545 eripiant
977 485 1111 547 prorsus

95 550 201 616 aulica
231 549 377 636 negotia,
414 549 461 614 sic
494 554 532 614 ut
562 548 604 613 iis
637 548 830 635 disciplima,
866 572 1002 634 quarum
1033 575 1111 619 usus

95 644 264 704 aeternum
288 639 384 703 decus
406 637 506 724 parit,
534 638 637 702 salu-te
665 637 751 702 dieta
776 639 880 703 iacere
907 639 1042 723 patiaris
1065 663 1111 727 ea,

96 749 180 814 quae
206 726 320 792 multis
342 731 416 790 ante
439 726 605 793 mensibus
632 726 783 792 instituta
811 727 839 792 si
867 729 994 813 quando
1017 730 1111 812 perii·
1137 748 1152 790 s

96 818 176 903 cias,
203 816 358 882 maiorem
386 815 421 880 in
443 817 575 881 modum
598 819 630 880 et
657 816 798 899 posteris
825 820 858 881 et
885 816 1008 904 gloriae
1035 821 1111 882 tuae

95 905 226 971 seruies.
273 925 371 989 quam
396 903 517 970 multos
545 903 631 970 enim
662 904 767 991 egisse
789 927 915 970 mecum
939 905 1111 991 diligenter

96 993 277 1078 existimas,
312 997 350 1057 ut
385 993 533 1058 hortarer
563 997 597 1057 te
630 991 670 1056 ad
702 992 932 1059 absolueudam
963 993 1111 1079 poeticae

94 1081 290 1148 imitationis
317 1085 420 1146 artem
447 1085 517 1167 aut,
549 1081 576 1148 si
604 1080 786 1146 absolutam
814 1082 928 1166 habes,
957 1082 1109 1148 continuo

96 1169 352 1258 diuulgandam?
393 1170 512 1254 quibus
546 1173 583 1235 ut
615 1169 787 1255 aliquando
820 1170 1012 1258 satisfacias,
1048 1171 1110 1238 etsi
1124 1192 1152 1233 ro

93 1260 250 1347 languere
273 1262 307 1323 te
329 1259 364 1324 in
387 1262 443 1324 tua
465 1259 559 1324 laude
582 1259 637 1323 uix
661 1259 791 1346 opinor,
818 1264 927 1326 tamen
950 1264 1027 1346 peto
1051 1261 1111 1327 abs

94 1353 142 1433 te,
175 1351 333 1433 quantum
371 1347 554 1418 humanitas
589 1352 647 1412 tua
683 1348 854 1432 permittit.
902 1371 962 1416 nec
994 1355 1112 1435 tamen,

96 1437 197 1502 etiam
229 1436 257 1501 si
288 1439 346 1501 tua
377 1458 429 1502 res
459 1458 525 1502 non
557 1440 720 1523 ageretur,
752 1437 927 1502 amicitiam
957 1443 1112 1525 nostram,

95 1547 195 1611 quam
219 1546 281 1612 ego
309 1524 543 1590 sanctissimam
570 1547 697 1609 semper
723 1525 822 1610 colui,
847 1525 930 1590 nihil
957 1530 1031 1590 ate
1053 1526 1111 1591 im-

94 1618 298 1700 petraturam
326 1614 526 1680 confiderem.
577 1613 726 1699 equidem
752 1613 835 1679 nihil
863 1613 893 1678 ei
920 1613 1112 1700 denegarem
1125 1633 1151 1675 ro

94 1704 195 1788 idque
226 1707 272 1788 te,
309 1703 396 1789 quod
427 1708 536 1768 tamen
569 1701 807 1770 secundissimis
843 1703 942 1768 rebus
974 1725 1011 1768 ac
1042 1701 1112 1768 sine

94 1791 247 1858 molestia
268 1795 325 1856 tua
348 1792 418 1878 fiat,
444 1791 540 1876 cupio
564 1791 712 1877 experiri.
744 1791 817 1879 Ego
840 1813 891 1856 me
914 1790 954 1856 ad
975 1792 1112 1878 litteras,

95 1903 114 1946 a
139 1880 259 1967 quibus
282 1880 405 1946 inuitus
427 1880 647 1968 discesseram,
671 1902 822 1947 reuocare
846 1881 952 1968 coepi,
975 1881 1112 1966 adeptus

95 1991 192 2036 usum
215 1969 395 2054 oculorum,
423 1991 519 2054 quem
546 1975 641 2035 antea
663 1971 888 2055 desperabam,
915 1971 1025 2036 diuina
1048 1969 1112 2054 pri·

94 2081 186 2126 mum
216 2081 293 2143 ope,
325 2058 360 2124 in
392 2080 455 2143 qua
485 2062 626 2124 statuere
659 2061 766 2124 omnia
798 2060 965 2145 consueui,
997 2059 1111 2123 deinde
1125 2079 1151 2120 so

96 2146 258 2214 Gabrielis
279 2147 432 2232 Faloppii
460 2148 594 2213 scientia
617 2147 781 2235 singulari.
827 2148 879 2213 eui
902 2147 972 2211 uiro
997 2147 1110 2230 quanti

95 2236 180 2302 hane
209 2235 291 2301 lucis
321 2258 463 2321 usuram,
492 2236 576 2302 idest
604 2237 716 2323 quanti
744 2236 845 2301 uitam
872 2235 969 2320 facio,
998 2235 1111 2318 quanti

97 2326 197 2391 etiam
225 2324 389 2409 praeclara
415 2325 598 2390 litterarum
625 2325 732 2391 studia
761 2323 841 2388 mihi
871 2327 961 2410 sunt,
991 2322 1111 2407 quibus

96 2415 152 2480 uix
181 2413 253 2499 ipsa
281 2413 350 2478 uita
376 2413 480 2498 pluris
507 2418 570 2498 est,
599 2412 656 2478 uni
683 2413 779 2497 plane
807 2416 912 2477 totum
943 2416 1111 2497 acceptum

94 2504 209 2570 refero.
256 2501 414 2587 siquidem
442 2502 511 2567 eius
538 2501 698 2588 doctrina,
724 2501 921 2588 humanitaS,
950 2501 1150 2586 exquisitare

97 2613 175 2658 cura
197 2590 370 2676 pristinam
393 2591 473 2656 mihi
496 2591 727 2677 ualetudinem,
751 2591 881 2657 omnino
905 2591 1111 2678 profligatam

96 2703 133 2747 ac
163 2680 337 2766 perditam,
369 2683 577 2764 conspectum
604 2680 781 2746 liberorum
808 2702 966 2765 meorum,
997 2681 1111 2746 amico-

95 2791 169 2836 rum
199 2768 372 2855 colloquia,
401 2768 560 2834 librorum
588 2769 781 2835 suauitatem
810 2767 967 2850 restituit,
1000 2773 1050 2850 ut,
1083 2769 1111 2832 si

97 2879 194 2943 quem
218 2857 352 2941 optimis
379 2858 505 2924 artibus
528 2858 686 2924 industria
712 2861 824 2922 nostra
852 2857 993 2920 fructum
1020 2855 1111 2939 feret,

96 2947 127 3012 ei
149 2946 274 3034 gratiae
298 2945 491 3032 debeantur,
519 2947 609 3012 cuius
633 2969 695 3030 ope
718 2968 754 3011 ao
778 2944 884 3010 studio
908 2944 1030 3009 factum
1054 2946 1111 3029 est,
1124 2961 1152 3002 ao

96 3040 133 3102 ut
160 3035 378 3102 intermissam
405 3035 557 3101 diuturno
586 3057 622 3100 ac
649 3034 834 3120 perdifficili
862 3034 977 3098 morbo
1006 3038 1112 3118 poste-

95 3124 204 3190 ritatis
227 3124 425 3190 adiuuandae
449 3124 713 3191 consuetudinem
731 3123 903 3209 aliquando
922 3127 1111 3207 repeterem.

95 3212 144 3280 Tu
176 3213 258 3278 mihi
286 3214 325 3279 de
353 3218 410 3278 tuo
437 3219 524 3279 statu
554 3212 757 3298 maximeque
786 3213 825 3278 de
854 3211 983 3276 Aliensi
1012 3209 1112 3274 Ducis

95 3302 268 3368 conatibus
287 3302 427 3390 egregiis
446 3303 486 3367 ad
504 3301 737 3367 honestandam
756 3301 918 3384 uirtutem,
938 3297 1112 3381 dequibus

94 3391 182 3456 fama
204 3391 270 3455 iam
293 3391 493 3477 percrebuit,
518 3391 546 3456 si
569 3391 648 3476 quid
671 3389 918 3476 significaueris,
945 3406 1111 3472 argumen-
1125 3404 1151 3446 aa

94 3482 166 3544 tum
196 3479 259 3545 erit
288 3479 407 3545 amoris
436 3479 471 3544 in
497 3501 549 3543 me
577 3479 639 3563 tui,
673 3500 736 3563 quo
763 3476 876 3542 laetari
904 3475 1112 3539 uehementer

95 3567 193 3634 soleo.
238 3567 333 3654 Vale,
355 3567 502 3635 Venetiis
526 3565 700 3651 [Moirai

498 3708 712 3720 ...—.----—-
