2578 3896
359 183 459 244 ιιιιι.
487 185 533 240 ιι
551 157 699 244 mm
717 184 855 248 onnam.
1070 187 1114 252 45

93 369 235 433 eumque
265 347 359 412 illum
387 367 451 412 une
477 347 584 413 uirtus
612 348 653 412 ad
683 370 756 414 eum
785 347 922 434 gradum
949 349 1112 434 extulerit,

96 437 184 502 unde
220 436 362 501 humana
399 435 507 500 omnia
544 436 695 520 despicit,
730 459 828 521 supra
865 459 956 504 casus
993 460 1113 523 omnes,

96 547 199 610 supra
220 525 386 590 fortunam
407 524 514 608 ipsam
540 525 728 608 collocatus,
755 525 841 589 hunc
868 529 901 590 te
929 526 1020 591 decet
1044 527 1113 592 imi-

95 615 176 699 tari,
203 613 301 678 huius
329 616 432 678 uitam
454 618 614 698 perpetuo
637 614 902 698 sanctissimeque
923 615 1114 700 traductam,

95 703 196 768 huius
219 701 327 769 omnia
349 702 448 786 faeta,
471 701 619 786 consilia,
646 703 797 768 instituta
819 702 882 768 tibi
906 707 981 768 ante
1004 704 1114 770 oculos
1141 725 1154 766 s

95 813 229 876 ponere.
275 789 366 854 uides
389 790 546 874 pietatem
569 812 646 877 erga
668 791 774 856 Deum
802 795 834 856 et
860 791 896 856 in
921 793 1115 858 auctoritate

96 878 280 962 Pontificia,
303 878 388 943 idest
410 879 445 943 in
467 878 540 963 ipsa
561 879 718 967 religione
742 881 861 948 tuenda
883 881 1116 946 firmitudinem

95 969 200 1034 animi
236 971 334 1052 atque
368 967 596 1053 constantiam3
634 969 726 1034 uides
761 968 976 1052 multiplicem
1009 991 1116 1034 rerum
1211 1029 1215 1038 .

99 1058 315 1122 humanarum
342 1055 589 1141 diuinarumque
616 1056 797 1141 scientiam,
826 1057 927 1124 trium
953 1079 1031 1126 uero
1057 1058 1116 1125 lin-

95 1167 247 1233 gnanrm,
260 1144 449 1230 Hebraicae,
464 1142 612 1231 Graecae,
624 1145 767 1232 Latinae,
781 1145 1000 1234 cognitionem
1013 1169 1115 1231 paene
1130 1167 1157 1208 ιο

100 1234 310 1320 singularem.
365 1234 550 1317 eloquentia
580 1256 658 1300 uero
690 1256 822 1319 prorsus
854 1258 928 1300 eum
959 1236 1115 1302 excellere

97 1345 214 1389 ornnes
236 1323 388 1407 fatentur,
412 1321 467 1405 qui
492 1323 622 1407 quidem
644 1323 690 1388 ita
709 1345 909 1409 quacumque
930 1325 969 1389 de
992 1347 1027 1391 re
1049 1347 1116 1392 non

100 1412 199 1477 modo
229 1410 372 1495 copiose,
404 1433 517 1475 uerum
545 1411 643 1476 etiam
670 1412 835 1498 eleganter
861 1435 898 1476 ac
925 1413 1044 1478 diserte
1070 1414 1116 1478 lo·

98 1504 221 1584 quatur
257 1520 296 1564 ex
328 1502 488 1584 tempore,
524 1502 562 1563 ut
596 1500 625 1563 ei
661 1521 727 1564 non
764 1504 833 1564 arte
865 1500 990 1600 quaesit
992 1523 1023 1585 a,
1059 1502 1116 1565 sed

98 1611 121 1652 a
139 1590 254 1652 natura
277 1588 396 1653 donata
418 1587 568 1652 uideatur
594 1587 786 1672 eloquentia.
831 1587 918 1653 hunc
944 1587 1047 1674 igitur
1069 1611 1115 1653 se
1130 1608 1155 1649 ιι

96 1680 261 1762 quercet
289 1676 323 1740 in
350 1676 438 1740 illius
461 1675 601 1762 uestigio
628 1676 886 1760 pedemstatue
931 1676 1002 1760 ipse
1029 1677 1115 1742 enim

98 1766 206 1832 Deum
229 1770 359 1831 secutus
382 1768 445 1850 est,
473 1787 546 1829 cum
573 1787 643 1829 eam
671 1765 808 1830 felicitat
793 1769 872 1851 tem,
901 1786 997 1849 quam
1020 1764 1114 1849 pleri-

98 1876 164 1938 que
197 1853 351 1918 mortales
382 1853 548 1939 ignorant,
584 1853 691 1919 animo
729 1853 894 1940 cogitaret
950 1876 1046 1939 quem
1077 1859 1115 1919 tu

97 1963 230 2028 quoquc
256 1944 354 2007 finem
381 1946 523 2026 spectas,
552 1947 590 2006 ut
617 1942 711 2007 audio
740 1947 773 2007 et
802 1943 844 2008 cb
873 1964 944 2008 eam
971 1965 1115 2016 caussam

90 2033 247 2096 'futurum
269 2031 417 2096 homines
440 2035 609 2184 augurant
601 2053 652 2115 ur,
675 2035 712 2095 ut
735 2031 803 2096 eius
826 2030 932 2118 dignit
933 2032 1009 2115 atis,
1032 2053 1114 2116 quae
1128 2055 1156 2097 ιι

95 2141 245 2186 summae
274 2119 424 2203 proxima
454 2123 504 2184 est
508 2119 690 2220 ,insignia
719 2120 812 2184 breui
844 2119 975 2185 omnino
1006 2142 1113 2184 consc-

93 2209 217 2293 queris
263 2208 350 2292 quod
385 2229 459 2273 cum
495 2209 653 2292 euenerit,
625 2208 836 2272 tlaetabor
871 2207 1012 2307 primum
1047 2211 1113 2291 tua,

95 2297 214 2363 deinde
237 2296 511 2362 communiumst
497 2296 661 2362 utdiorum
684 2317 803 2361 caussa.
850 2295 905 2378 qui
928 2294 1015 2359 enim
1037 2298 1112 2359 tuos

95 2387 242 2470 impetus
260 2385 301 2450 ad
317 2385 446 2450 laudem
463 2407 549 2450 nunc
567 2384 714 2450 uidemus
731 2388 868 2466 tuosque
887 2383 983 2468 plane
1000 2405 1112 2450 sensus

95 2473 327 2560 intelligimus,
355 2495 410 2556 an,
437 2473 495 2538 ubi
522 2473 563 2538 ad
590 2473 686 2538 istam
713 2472 915 2540 uoluntatem
938 2473 1112 2538 auctoritas
1126 2494 1152 2536 rs

93 2568 197 2647 atque
221 2584 300 2646 opes
322 2563 527 2647 accesserint,
554 2563 623 2628 fore
646 2561 844 2645 dubitemus,
873 2565 911 2626 ut
937 2583 957 2626 a
978 2566 1012 2627 te
1039 2562 1111 2646 ipso

94 2650 293 2716 dissentias?
329 2650 529 2736 Praestabis,
551 2649 700 2735 Alienae,
722 2656 760 2715 tu
784 2651 914 2735 quidem
937 2649 1000 2716 alia
1023 2673 1112 2735 prae-

94 2741 198 2825 clara,
231 2744 265 2804 te
295 2739 367 2823 ipso
397 2739 520 2805 scilicet
544 2739 641 2826 digna
670 2743 790 2823 tuaque
819 2739 955 2823 familia,
983 2739 1018 2803 in
1050 2761 1112 2822 qua

94 2830 215 2893 florere
237 2827 328 2892 uides
350 2828 465 2893 heroes
493 2828 687 2912 permultos,
714 2826 819 2914 gloria
844 2827 1112 2911 circumfluentes,

95 2915 232 2982 uirtutis
260 2917 294 2981 in
316 2916 424 2981 studio
452 2917 581 2982 defixos.
626 2915 766 2982 maxime
793 2937 870 2982 uero
899 2915 1038 3001 gratiam
1064 2937 1111 2980 re
1126 2939 1153 2981 ec

95 3008 183 3070 feres
211 3005 335 3088 optime
365 3005 404 3070 de
434 3008 467 3069 te
496 3004 629 3071 maritae
657 3004 719 3069 Lat
719 3003 791 3070 inae
819 3005 949 3092 linguae
978 3026 1111 3090 eamque

95 3094 271 3179 paullatim
293 3093 388 3159 Italia
410 3094 524 3159 cedent
510 3098 576 3158 tem
602 3096 637 3158 et
622 3093 741 3158 ttad
726 3093 943 3178 transalpinas
964 3095 1112 3160 nationes

94 3187 362 3354 dloam‘ilciliddrlqtdd
395 3182 575 3335 didiceritis.
579 3181 1111 3356 miffisenqgloissaesuffisjpdersq

95 3359 278 3425 monendus
302 3382 349 3444 es,
371 3358 565 3426 monitorem
587 3359 664 3424 adt
649 3362 695 3443 te,
718 3358 769 3423 sin
792 3358 966 3444 rogandus,
989 3356 1111 3456 suppli·
1125 3379 1152 3420 ιι

94 3470 169 3514 cem
191 3447 283 3513 uolui
307 3448 436 3513 mittere
459 3447 725 3513 commentarium
750 3445 837 3512 hunc
859 3464 966 3510 meum
989 3442 1024 3508 in
1046 3443 1112 3527 epi-

94 3537 200 3602 stolas
223 3537 265 3602 ad
286 3535 329 3601 Μ.
348 3536 487 3602 Brutum
510 3540 543 3600 ct
565 3535 607 3600 ad
628 3534 687 3612 Qu
710 3535 774 3599 frat
759 3537 850 3598 trem.
874 3530 931 3614 qui
954 3551 1027 3595 eum
1049 3529 1111 3594 tibi
