2610 3890
369 160 520 216 xxxvm.
548 159 683 216 Michaeli
700 161 845 217 Turriano.
1069 161 1110 226 81

98 323 280 390 uideantur.
326 322 447 388 Verum
476 323 555 388 haec
583 323 661 386 satis
690 327 745 388 aut
773 322 870 387 etiarn
891 322 1028 389 nimium
1051 322 1112 388 for·

96 418 188 478 tasse
211 411 321 476 multa.
367 411 456 476 Vale.
501 409 648 476 Venetiis
672 409 846 495 [Meum]

500 679 713 688 *—

518 901 694 968 xxxvm.

118 1061 279 1128 Illustri
304 1059 444 1126 domiti
466 1059 650 1125 Michaeli
673 1059 860 1133 Turriano
884 1061 1089 1128 Genetensi

339 1163 534 1250 Episcopo
559 1164 737 1231 Genetam
761 1175 819 1246 (IV,
836 1175 871 1244 1).
1138 1187 1151 1230 5

190 1304 335 1360 Manutius
353 1321 448 1358 mense
466 1303 620 1360 Februario
639 1304 706 1360 anni
727 1309 794 1360 rute
817 1307 899 1376 gratu
917 1307 1041 1376 periculo
1059 1309 1111 1362 im·

93 1376 215 1448 plicitus
243 1377 312 1430 erat.
347 1373 476 1430 Criminis
503 1375 616 1429 conficti
639 1392 715 1439 reue,
747 1392 782 1430 ne
805 1376 836 1429 in
858 1376 974 1431 uincula
997 1378 1112 1449 publica

95 1447 288 1513 coniceretur,
315 1447 435 1516 primum
460 1444 588 1500 Venetiie
609 1445 753 1506 ,coenobio
781 1446 902 1515 quodam
926 1464 956 1502 se
979 1449 1110 1516 occuluit,

92 1523 162 1573 tum
178 1517 330 1572 Patauium
349 1515 484 1585 confugit.
522 1515 574 1570 Cui
592 1531 764 1585 quamquem
778 1515 902 1570 criminis
916 1517 1046 1572 absoluto
1061 1522 1111 1573 eut

93 1589 202 1644 saltem
218 1587 341 1658 pecunia
357 1586 478 1641 multato
502 1587 602 1657 paucis
625 1585 768 1640 mensibus
791 1588 858 1654 poet
879 1587 910 1639 in
926 1587 1050 1656 patriam
1067 1605 1109 1642 re·
1124 1603 1150 1643 rc

94 1661 177 1714 ditus
201 1660 309 1728 patuit,
333 1661 429 1712 tumen
453 1658 530 1712 haud
553 1657 616 1712 leue
640 1656 817 1712 fortunarum
843 1673 956 1711 euamm
978 1659 1109 1713 damnum

94 1729 227 1800 queritur
245 1747 274 1784 ee
293 1729 443 1797 accepisse.
481 1727 536 1782 Sed
555 1727 698 1797 Tuniani,
725 1727 774 1796 qui
796 1726 854 1781 iarn
877 1745 923 1783 sex
944 1727 1024 1783 annis
1044 1732 1110 1784 ante

94 1803 174 1856 dono
207 1801 389 1854 ducentorum
421 1815 596 1852 nummorum
624 1815 770 1854 aureorum
800 1815 868 1869 opes
896 1798 956 1854 eius
983 1799 1109 1868 fulserat,

91 1870 270 1926 liberalitate
290 1869 316 1924 ei
339 1869 452 1924 uidetur
471 1869 636 1940 contigisse,
664 1873 696 1924 ut
719 1886 782 1924 eam
804 1870 943 1926 iacturam
962 1869 1059 1940 aliqua
1077 1887 1111 1926 ex

91 1944 179 2012 purte
196 1939 356 1996 resarciret:
1124 1971 1150 2012 15

184 2065 341 2153 Angebur
363 2065 462 2130 animi
485 2086 545 2129 nec
567 2065 637 2129 fieri
662 2065 836 2151 quidquem
860 2088 956 2151 posse
975 2089 1026 2132 me
1046 2089 1110 2133 uno

93 2155 248 2222 miserius
278 2154 444 2238 opinabar.
489 2153 536 2217 ita
564 2153 668 2217 multa
696 2154 757 2218 hoc
786 2175 870 2218 anno
900 2159 1029 2238 praeter
1058 2177 1109 2218 ex-

93 2242 344 2328 spectationem,
375 2263 509 2326 prorsue
539 2240 673 2306 aduersa
704 2241 785 2306 meis
815 2241 997 2306 rationibus
1027 2242 1110 2305 obti-

92 2335 225 2419 gerant:
265 2330 376 2395 fratris
416 2329 558 2414 primum
596 2329 821 2414 amantissimi,
863 2329 976 2393 deinde
1016 2328 1109 2412 filioli

95 2418 280 2484 suauissimi
309 2417 474 2503 interitus,
504 2418 614 2482 uxoris
641 2418 787 2504 morbus,
816 2417 1002 2483 inualetudc
1029 2439 1110 2504 mea,
1123 2445 1150 2486 ro

92 2507 145 2572 rei
175 2506 342 2572 familiaris
369 2505 578 2571 incommode.
625 2526 721 2592 quam
750 2506 858 2591 facile,
887 2507 976 2572 nullo
1007 2529 1109 2592 paene

94 2595 247 2682 strepitu,
269 2616 376 2659 rerum
394 2616 537 2659 mearum
560 2615 734 2660 conuersus
753 2596 831 2661 ordo
850 2597 912 2661 est!
949 2596 988 2660 de
1010 2596 1109 2661 fratre

96 2687 130 2748 et
158 2683 225 2748 filio
253 2683 317 2748 iam
338 2680 409 2748 fero
436 2683 645 2766 moderatim,
669 2683 721 2749 uel
746 2684 843 2768 quod,
867 2688 904 2749 ut
928 2684 1023 2768 solet,
1046 2706 1109 2746 me·

96 2767 202 2836 detur
215 2771 295 2855 dice,
323 2771 376 2836 uel
399 2772 488 2857 quia,
518 2770 604 2856 quod
630 2775 760 2836 aeterna
786 2771 858 2857 lege
880 2771 969 2834 Deus
993 2771 1109 2835 consti·

94 2859 176 2946 tuit,
203 2858 237 2924 id
262 2860 420 2947 abrogare
448 2859 532 2924 uelle
560 2881 625 2923 non
648 2859 752 2924 solum
775 2858 968 2942 iniustitiae,
995 2877 1108 2921 uerum
1122 2883 1148 2925 rs

95 2947 195 3013 etiam
218 2948 453 3032 imprudentiae
476 2946 605 3012 uidetur
628 2969 706 3011 esse.
743 2968 824 3012 uxor
847 2944 1024 3030 conualuit,
1047 2968 1108 3032 ego

95 3035 177 3102 eatis
213 3035 332 3102 firmus.
388 3035 562 3101 domestica
598 3056 675 3100 uero
712 3034 839 3120 damna,
881 3056 962 3119 quae
998 3034 1108 3100 sarciri

94 3227 183 3308 criter
201 3227 371 3282 adhortante
390 3226 539 3308 consilium
558 3226 690 3308 ceperim.
728 3227 802 3294 quod
821 3226 871 3282 illc
896 3226 920 3281 ei
944 3223 1110 3308 cognouerit

94 3299 126 3352 et
152 3315 178 3379 er
202 3315 247 3353 me
271 3297 347 3368 apud
370 3313 434 3352 eurn
455 3299 618 3353 testimomo
641 3298 802 3378 htterarjum
824 3300 936 3352 tuarum
959 3313 990 3374 m
1013 3293 1108 3361 aliqua

93 3369 191 3438 gretia
214 3369 354 3438 posueris,
379 3384 551 3437 magnopere
575 3367 716 3448 laetabor,
742 3367 828 3451 ,idque
851 3368 876 3422 si
894 3384 911 3421 a
928 3368 958 3419 te
972 3366 1107 3446 impetro,

92 3443 127 3562 pt
144 3438 670 3579 {ioppffiprfleispffiecgppgptpllpnmum
689 3438 848 3493 arbitrabor
866 3438 907 3506 et,
929 3435 980 3489 ubr
998 3451 1042 3488 res
1062 3450 1108 3488 ex·

107 3525 174 3648 gaii.
187 3607 289 3650 Menutll
302 3607 415 3658 epistulae
429 3608 535 3650 selectae.
878 3597 893 3644 6
910 3611 913 3620 ’
