<?xml version="1.0" encoding="UTF-8"?>
<!DOCTYPE html PUBLIC "-//W3C//DTD XHTML 1.0 Transitional//EN"
    "http://www.w3.org/TR/xhtml1/DTD/xhtml1-transitional.dtd">
<html xmlns="http://www.w3.org/1999/xhtml" xml:lang="en" lang="en">
 <head>
  <title>
</title>
<meta http-equiv="Content-Type" content="text/html;charset=utf-8" />
  <meta name='ocr-system' content='tesseract 3.04.00' />
  <meta name='ocr-capabilities' content='ocr_page ocr_carea ocr_par ocr_line ocrx_word'/>
</head>
<body>
  <div class='ocr_page' id='page_1' title='image "./epistulaeselect00fickgoog_0146.png"; bbox 0 0 2610 3890; ppageno 0'>
   <div class='ocr_carea' id='block_1_1' title="bbox 419 203 1109 278">
    <p class='ocr_par' dir='ltr' id='par_1_1' title="bbox 419 203 1109 278">
     <span class='ocr_line' id='line_1_1' title="bbox 419 203 1109 278; baseline 0.032 -22"><span class='ocrx_word' id='word_1_1' title='bbox 419 203 515 259; x_wconf 86' lang='lat' dir='ltr'>LXIV.</span> <span class='ocrx_word' id='word_1_2' title='bbox 539 203 638 259; x_wconf 90' lang='lat' dir='ltr'>Ioanni</span> <span class='ocrx_word' id='word_1_3' title='bbox 658 206 781 262; x_wconf 71' lang='lat' dir='ltr'>aratori.</span> <span class='ocrx_word' id='word_1_4' title='bbox 1033 211 1109 278; x_wconf 84' lang='lat'><strong>&#39;133</strong></span> 
     </span>
    </p>
   </div>
   <div class='ocr_carea' id='block_1_2' title="bbox 86 364 1108 460">
    <p class='ocr_par' dir='ltr' id='par_1_2' title="bbox 86 364 1108 460">
     <span class='ocr_line' id='line_1_2' title="bbox 86 364 1108 460; baseline 0.009 -29"><span class='ocrx_word' id='word_1_5' title='bbox 86 365 180 452; x_wconf 90' lang='lat' dir='ltr'>quod</span> <span class='ocrx_word' id='word_1_6' title='bbox 208 364 350 430; x_wconf 90' lang='lat' dir='ltr'>uolucris</span> <span class='ocrx_word' id='word_1_7' title='bbox 378 371 574 451; x_wconf 69' lang='lat' dir='ltr'><strong>conatusque</strong></span> <span class='ocrx_word' id='word_1_8' title='bbox 603 366 677 454; x_wconf 90' lang='lat' dir='ltr'>sim,</span> <span class='ocrx_word' id='word_1_9' title='bbox 707 369 825 434; x_wconf 87' lang='lat' dir='ltr'>intua</span> <span class='ocrx_word' id='word_1_10' title='bbox 853 370 948 436; x_wconf 89' lang='lat' dir='ltr'>laude</span> <span class='ocrx_word' id='word_1_11' title='bbox 975 393 1108 460; x_wconf 71' lang='lat' dir='ltr'>ponam,</span> 
     </span>
    </p>
   </div>
   <div class='ocr_carea' id='block_1_3' title="bbox 79 454 1147 3472">
    <p class='ocr_par' dir='ltr' id='par_1_3' title="bbox 79 454 1147 3472">
     <span class='ocr_line' id='line_1_3' title="bbox 89 454 1108 548; baseline 0.011 -31"><span class='ocrx_word' id='word_1_12' title='bbox 89 455 181 540; x_wconf 92' lang='lat' dir='ltr'>quod</span> <span class='ocrx_word' id='word_1_13' title='bbox 207 476 274 518; x_wconf 93' lang='lat' dir='ltr'>non</span> <span class='ocrx_word' id='word_1_14' title='bbox 306 454 493 541; x_wconf 83' lang='lat' dir='ltr'>perfeceris,</span> <span class='ocrx_word' id='word_1_15' title='bbox 521 455 561 520; x_wconf 90' lang='lat' dir='ltr'>ad</span> <span class='ocrx_word' id='word_1_16' title='bbox 588 478 693 522; x_wconf 91' lang='lat' dir='ltr'>meam</span> <span class='ocrx_word' id='word_1_17' title='bbox 724 458 861 524; x_wconf 86' lang='lat' dir='ltr'>fortasse</span> <span class='ocrx_word' id='word_1_18' title='bbox 890 459 1018 545; x_wconf 91' lang='lat' dir='ltr'>culpam</span> <span class='ocrx_word' id='word_1_19' title='bbox 1046 464 1108 548; x_wconf 91' lang='lat' dir='ltr'>uel,</span> 
     </span>
     <span class='ocr_line' id='line_1_4' title="bbox 86 542 1107 629; baseline 0.009 -19"><span class='ocrx_word' id='word_1_20' title='bbox 86 549 127 610; x_wconf 86' lang='lat' dir='ltr'>ut</span> <span class='ocrx_word' id='word_1_21' title='bbox 152 542 286 628; x_wconf 89' lang='lat' dir='ltr'>aequius</span> <span class='ocrx_word' id='word_1_22' title='bbox 310 542 348 608; x_wconf 90' lang='lat' dir='ltr'>dc</span> <span class='ocrx_word' id='word_1_23' title='bbox 372 543 519 628; x_wconf 91' lang='lat' dir='ltr'>meipso</span> <span class='ocrx_word' id='word_1_24' title='bbox 543 545 689 629; x_wconf 87' lang='lat' dir='ltr'>sentiam,</span> <span class='ocrx_word' id='word_1_25' title='bbox 712 547 752 611; x_wconf 89' lang='lat' dir='ltr'>ad</span> <span class='ocrx_word' id='word_1_26' title='bbox 769 569 875 614; x_wconf 91' lang='lat' dir='ltr'>meam</span> <span class='ocrx_word' id='word_1_27' title='bbox 898 553 983 614; x_wconf 88' lang='lat' dir='ltr'>certe</span> <span class='ocrx_word' id='word_1_28' title='bbox 1007 552 1107 620; x_wconf 86' lang='lat' dir='ltr'>fortu-</span> 
     </span>
     <span class='ocr_line' id='line_1_5' title="bbox 86 633 1106 724; baseline 0.005 -24"><span class='ocrx_word' id='word_1_29' title='bbox 86 655 166 700; x_wconf 88' lang='lat' dir='ltr'>nam</span> <span class='ocrx_word' id='word_1_30' title='bbox 190 633 388 698; x_wconf 76' lang='lat' dir='ltr'><strong>transferam.</strong></span> <span class='ocrx_word' id='word_1_31' title='bbox 429 654 504 697; x_wconf 92' lang='lat' dir='ltr'>nam</span> <span class='ocrx_word' id='word_1_32' title='bbox 523 637 555 698; x_wconf 94' lang='lat' dir='ltr'>et</span> <span class='ocrx_word' id='word_1_33' title='bbox 574 634 757 718; x_wconf 89' lang='lat' dir='ltr'>praeclarus</span> <span class='ocrx_word' id='word_1_34' title='bbox 779 636 906 724; x_wconf 75' lang='lat' dir='ltr'><strong>artifex,</strong></span> <span class='ocrx_word' id='word_1_35' title='bbox 929 639 1106 721; x_wconf 73' lang='lat' dir='ltr'>perfectam</span> 
     </span>
     <span class='ocr_line' id='line_1_6' title="bbox 87 719 1147 816; baseline 0.004 -26"><span class='ocrx_word' id='word_1_36' title='bbox 87 721 198 790; x_wconf 84' lang='lat' dir='ltr'>animo</span> <span class='ocrx_word' id='word_1_37' title='bbox 223 719 364 805; x_wconf 89' lang='lat' dir='ltr'>speciem</span> <span class='ocrx_word' id='word_1_38' title='bbox 386 719 525 807; x_wconf 89' lang='lat' dir='ltr'>intuens,</span> <span class='ocrx_word' id='word_1_39' title='bbox 548 743 621 788; x_wconf 92' lang='lat' dir='ltr'>cum</span> <span class='ocrx_word' id='word_1_40' title='bbox 643 723 714 807; x_wconf 91' lang='lat' dir='ltr'>ipse</span> <span class='ocrx_word' id='word_1_41' title='bbox 737 723 820 790; x_wconf 88' lang='lat' dir='ltr'>nihil</span> <span class='ocrx_word' id='word_1_42' title='bbox 842 725 878 790; x_wconf 92' lang='lat' dir='ltr'>in</span> <span class='ocrx_word' id='word_1_43' title='bbox 900 731 968 792; x_wconf 90' lang='lat' dir='ltr'>arte</span> <span class='ocrx_word' id='word_1_44' title='bbox 992 728 1105 816; x_wconf 87' lang='lat' dir='ltr'>possit,</span> <span class='ocrx_word' id='word_1_45' title='bbox 1133 753 1147 794; x_wconf 85' lang='lat'><strong>5</strong></span> 
     </span>
     <span class='ocr_line' id='line_1_7' title="bbox 87 809 1106 895; baseline 0.007 -19"><span class='ocrx_word' id='word_1_46' title='bbox 87 833 174 895; x_wconf 92' lang='lat' dir='ltr'>opus</span> <span class='ocrx_word' id='word_1_47' title='bbox 192 813 301 876; x_wconf 90' lang='lat' dir='ltr'>tamen</span> <span class='ocrx_word' id='word_1_48' title='bbox 319 809 546 894; x_wconf 86' lang='lat' dir='ltr'>imperfectum</span> <span class='ocrx_word' id='word_1_49' title='bbox 560 811 724 878; x_wconf 89' lang='lat' dir='ltr'>subiectae</span> <span class='ocrx_word' id='word_1_50' title='bbox 742 815 895 886; x_wconf 87' lang='lat' dir='ltr'>materiae</span> <span class='ocrx_word' id='word_1_51' title='bbox 915 815 996 882; x_wconf 91' lang='lat' dir='ltr'>uitio</span> <span class='ocrx_word' id='word_1_52' title='bbox 1006 817 1106 884; x_wconf 70' lang='lat' dir='ltr'>&#39;relin-</span> 
     </span>
     <span class='ocr_line' id='line_1_8' title="bbox 86 898 1105 987; baseline 0.008 -23"><span class='ocrx_word' id='word_1_53' title='bbox 86 899 169 984; x_wconf 83' lang='lat' dir='ltr'>quit.</span> <span class='ocrx_word' id='word_1_54' title='bbox 215 898 284 964; x_wconf 88' lang='lat' dir='ltr'>Nec</span> <span class='ocrx_word' id='word_1_55' title='bbox 312 903 420 964; x_wconf 89' lang='lat' dir='ltr'>tamen</span> <span class='ocrx_word' id='word_1_56' title='bbox 446 899 475 963; x_wconf 88' lang='grc'>11</span> <span class='ocrx_word' id='word_1_57' title='bbox 503 921 564 986; x_wconf 85' lang='lat' dir='ltr'>ego</span> <span class='ocrx_word' id='word_1_58' title='bbox 593 919 677 987; x_wconf 91' lang='lat' dir='ltr'>sum,</span> <span class='ocrx_word' id='word_1_59' title='bbox 705 902 796 968; x_wconf 90' lang='lat' dir='ltr'>cuius</span> <span class='ocrx_word' id='word_1_60' title='bbox 823 903 966 969; x_wconf 89' lang='lat' dir='ltr'>animum</span> <span class='ocrx_word' id='word_1_61' title='bbox 993 905 1105 972; x_wconf 87' lang='lat' dir='ltr'>immo·</span> 
     </span>
     <span class='ocr_line' id='line_1_9' title="bbox 86 987 1103 1080; baseline 0.008 -28"><span class='ocrx_word' id='word_1_62' title='bbox 86 989 200 1053; x_wconf 88' lang='lat' dir='ltr'>derata</span> <span class='ocrx_word' id='word_1_63' title='bbox 232 987 388 1070; x_wconf 77' lang='lat' dir='ltr'>quaedam</span> <span class='ocrx_word' id='word_1_64' title='bbox 420 1008 519 1072; x_wconf 92' lang='lat' dir='ltr'>opum</span> <span class='ocrx_word' id='word_1_65' title='bbox 552 990 713 1055; x_wconf 90' lang='lat' dir='ltr'>honorum</span> <span class='ocrx_word' id='word_1_66' title='bbox 740 1013 780 1055; x_wconf 92' lang='lat' dir='ltr'>ue</span> <span class='ocrx_word' id='word_1_67' title='bbox 809 992 969 1076; x_wconf 86' lang='lat' dir='ltr'>cupiditas</span> <span class='ocrx_word' id='word_1_68' title='bbox 996 999 1103 1080; x_wconf 81' lang='lat' dir='ltr'>angat.</span> 
     </span>
     <span class='ocr_line' id='line_1_10' title="bbox 85 1075 1103 1166; baseline 0.004 -22"><span class='ocrx_word' id='word_1_69' title='bbox 85 1077 194 1144; x_wconf 92' lang='lat' dir='ltr'>habeo</span> <span class='ocrx_word' id='word_1_70' title='bbox 222 1098 373 1162; x_wconf 86' lang='lat' dir='ltr'>magnam</span> <span class='ocrx_word' id='word_1_71' title='bbox 400 1075 539 1164; x_wconf 80' lang='lat' dir='ltr'>gratiam</span> <span class='ocrx_word' id='word_1_72' title='bbox 570 1081 704 1142; x_wconf 90' lang='lat' dir='ltr'>naturae</span> <span class='ocrx_word' id='word_1_73' title='bbox 736 1101 839 1166; x_wconf 91' lang='lat' dir='ltr'>meae,</span> <span class='ocrx_word' id='word_1_74' title='bbox 874 1103 955 1165; x_wconf 90' lang='lat' dir='ltr'>quae</span> <span class='ocrx_word' id='word_1_75' title='bbox 983 1103 1034 1147; x_wconf 92' lang='lat' dir='ltr'>me</span> <span class='ocrx_word' id='word_1_76' title='bbox 1063 1083 1103 1148; x_wconf 89' lang='lat' dir='ltr'>ad</span> 
     </span>
     <span class='ocr_line' id='line_1_11' title="bbox 86 1164 1143 1254; baseline 0.005 -22"><span class='ocrx_word' id='word_1_77' title='bbox 86 1167 171 1232; x_wconf 91' lang='lat' dir='ltr'>hanc</span> <span class='ocrx_word' id='word_1_78' title='bbox 198 1164 355 1232; x_wconf 88' lang='lat' dir='ltr'>insaniam</span> <span class='ocrx_word' id='word_1_79' title='bbox 381 1186 558 1249; x_wconf 87' lang='lat' dir='ltr'>numquam</span> <span class='ocrx_word' id='word_1_80' title='bbox 584 1166 729 1254; x_wconf 79' lang='lat' dir='ltr'>impulit,</span> <span class='ocrx_word' id='word_1_81' title='bbox 756 1168 911 1235; x_wconf 87' lang='lat' dir='ltr'>maiorem</span> <span class='ocrx_word' id='word_1_82' title='bbox 938 1170 1035 1236; x_wconf 89' lang='lat' dir='ltr'>etiam</span> <span class='ocrx_word' id='word_1_83' title='bbox 1062 1171 1103 1238; x_wconf 90' lang='lat' dir='ltr'>iis</span> <span class='ocrx_word' id='word_1_84' title='bbox 1118 1198 1143 1237; x_wconf 84' lang='lat'>10</span> 
     </span>
     <span class='ocr_line' id='line_1_12' title="bbox 86 1253 1102 1339; baseline 0.007 -21"><span class='ocrx_word' id='word_1_85' title='bbox 86 1253 180 1339; x_wconf 91' lang='lat' dir='ltr'>uiris,</span> <span class='ocrx_word' id='word_1_86' title='bbox 212 1273 350 1338; x_wconf 88' lang='lat' dir='ltr'>quorum</span> <span class='ocrx_word' id='word_1_87' title='bbox 377 1254 559 1338; x_wconf 81' lang='lat' dir='ltr'>praeceptis</span> <span class='ocrx_word' id='word_1_88' title='bbox 585 1255 730 1322; x_wconf 86' lang='lat' dir='ltr'>cruditus</span> <span class='ocrx_word' id='word_1_89' title='bbox 758 1258 798 1322; x_wconf 87' lang='lat' dir='ltr'>ad</span> <span class='ocrx_word' id='word_1_90' title='bbox 824 1258 908 1325; x_wconf 89' lang='lat' dir='ltr'>hanc</span> <span class='ocrx_word' id='word_1_91' title='bbox 940 1258 1025 1325; x_wconf 92' lang='lat' dir='ltr'>diem</span> <span class='ocrx_word' id='word_1_92' title='bbox 1056 1259 1102 1326; x_wconf 90' lang='lat' dir='ltr'>ita</span> 
     </span>
     <span class='ocr_line' id='line_1_13' title="bbox 85 1342 1102 1431; baseline 0.007 -24"><span class='ocrx_word' id='word_1_93' title='bbox 85 1343 156 1408; x_wconf 84' lang='lat' dir='ltr'>uixi</span> <span class='ocrx_word' id='word_1_94' title='bbox 174 1342 285 1426; x_wconf 89' lang='lat' dir='ltr'>itaque</span> <span class='ocrx_word' id='word_1_95' title='bbox 304 1343 448 1427; x_wconf 87' lang='lat' dir='ltr'>posthac,</span> <span class='ocrx_word' id='word_1_96' title='bbox 471 1348 508 1407; x_wconf 92' lang='lat' dir='ltr'>ut</span> <span class='ocrx_word' id='word_1_97' title='bbox 526 1365 631 1428; x_wconf 90' lang='lat' dir='ltr'>spero,</span> <span class='ocrx_word' id='word_1_98' title='bbox 654 1344 772 1430; x_wconf 91' lang='lat' dir='ltr'>uiuam,</span> <span class='ocrx_word' id='word_1_99' title='bbox 790 1350 828 1411; x_wconf 90' lang='lat' dir='ltr'>ut</span> <span class='ocrx_word' id='word_1_100' title='bbox 848 1369 955 1431; x_wconf 90' lang='lat' dir='ltr'>neque</span> <span class='ocrx_word' id='word_1_101' title='bbox 978 1370 1102 1414; x_wconf 91' lang='lat' dir='ltr'>summa</span> 
     </span>
     <span class='ocr_line' id='line_1_14' title="bbox 85 1431 1102 1520; baseline 0.006 -24"><span class='ocrx_word' id='word_1_102' title='bbox 85 1431 217 1516; x_wconf 89' lang='lat' dir='ltr'>cupiam</span> <span class='ocrx_word' id='word_1_103' title='bbox 238 1453 345 1515; x_wconf 91' lang='lat' dir='ltr'>neque</span> <span class='ocrx_word' id='word_1_104' title='bbox 369 1453 493 1496; x_wconf 90' lang='lat' dir='ltr'>summa</span> <span class='ocrx_word' id='word_1_105' title='bbox 516 1432 642 1516; x_wconf 85' lang='lat' dir='ltr'>adeptis</span> <span class='ocrx_word' id='word_1_106' title='bbox 665 1433 835 1500; x_wconf 88' lang='lat' dir='ltr'>inuideam.</span> <span class='ocrx_word' id='word_1_107' title='bbox 872 1435 928 1500; x_wconf 92' lang='lat' dir='ltr'>sed</span> <span class='ocrx_word' id='word_1_108' title='bbox 946 1436 1021 1520; x_wconf 90' lang='lat' dir='ltr'>quia</span> <span class='ocrx_word' id='word_1_109' title='bbox 1039 1437 1102 1502; x_wconf 91' lang='lat' dir='ltr'>uir-</span> 
     </span>
     <span class='ocr_line' id='line_1_15' title="bbox 84 1520 1101 1607; baseline 0.005 -22"><span class='ocrx_word' id='word_1_110' title='bbox 84 1525 153 1607; x_wconf 92' lang='lat' dir='ltr'>tus,</span> <span class='ocrx_word' id='word_1_111' title='bbox 179 1520 257 1586; x_wconf 83' lang='lat' dir='ltr'>licet</span> <span class='ocrx_word' id='word_1_112' title='bbox 284 1542 303 1582; x_wconf 88' lang='lat' dir='ltr'>a</span> <span class='ocrx_word' id='word_1_113' title='bbox 326 1542 360 1585; x_wconf 88' lang='lat' dir='ltr'>se</span> <span class='ocrx_word' id='word_1_114' title='bbox 383 1520 455 1604; x_wconf 90' lang='lat' dir='ltr'>ipsa</span> <span class='ocrx_word' id='word_1_115' title='bbox 477 1520 630 1606; x_wconf 87' lang='lat' dir='ltr'>pendeat,</span> <span class='ocrx_word' id='word_1_116' title='bbox 657 1525 790 1586; x_wconf 82' lang='lat' dir='ltr'>externa</span> <span class='ocrx_word' id='word_1_117' title='bbox 812 1526 921 1587; x_wconf 88' lang='lat' dir='ltr'>tamen</span> <span class='ocrx_word' id='word_1_118' title='bbox 944 1523 1101 1607; x_wconf 89' lang='lat' dir='ltr'>quaedam</span> 
     </span>
     <span class='ocr_line' id='line_1_16' title="bbox 84 1609 1141 1699; baseline 0.003 -24"><span class='ocrx_word' id='word_1_119' title='bbox 84 1631 152 1675; x_wconf 91' lang='lat' dir='ltr'>non</span> <span class='ocrx_word' id='word_1_120' title='bbox 184 1613 319 1694; x_wconf 85' lang='lat' dir='ltr'>recusat,</span> <span class='ocrx_word' id='word_1_121' title='bbox 351 1611 525 1693; x_wconf 89' lang='lat' dir='ltr'>propterea</span> <span class='ocrx_word' id='word_1_122' title='bbox 556 1609 811 1675; x_wconf 83' lang='lat' dir='ltr'>mediocritatem</span> <span class='ocrx_word' id='word_1_123' title='bbox 843 1633 952 1676; x_wconf 88' lang='lat' dir='ltr'>earum</span> <span class='ocrx_word' id='word_1_124' title='bbox 983 1633 1101 1699; x_wconf 89' lang='lat' dir='ltr'>rerum,</span> <span class='ocrx_word' id='word_1_125' title='bbox 1116 1637 1141 1678; x_wconf 79' lang='lat'>1⁵</span> 
     </span>
     <span class='ocr_line' id='line_1_17' title="bbox 84 1697 1100 1788; baseline 0.003 -25"><span class='ocrx_word' id='word_1_126' title='bbox 84 1720 168 1783; x_wconf 88' lang='lat' dir='ltr'>quae</span> <span class='ocrx_word' id='word_1_127' title='bbox 182 1698 331 1764; x_wconf 81' lang='lat' dir='ltr'>fortunae</span> <span class='ocrx_word' id='word_1_128' title='bbox 346 1697 432 1764; x_wconf 90' lang='lat' dir='ltr'>bona</span> <span class='ocrx_word' id='word_1_129' title='bbox 446 1697 577 1781; x_wconf 91' lang='lat' dir='ltr'>quidam</span> <span class='ocrx_word' id='word_1_130' title='bbox 585 1701 712 1786; x_wconf 87' lang='lat' dir='ltr'>uocant,</span> <span class='ocrx_word' id='word_1_131' title='bbox 720 1720 897 1784; x_wconf 90' lang='lat' dir='ltr'>numquam</span> <span class='ocrx_word' id='word_1_132' title='bbox 911 1701 1100 1788; x_wconf 81' lang='lat' dir='ltr'>contempsi,</span> 
     </span>
     <span class='ocr_line' id='line_1_18' title="bbox 84 1785 1100 1874; baseline 0.003 -22"><span class='ocrx_word' id='word_1_133' title='bbox 84 1787 252 1852; x_wconf 89' lang='lat' dir='ltr'>elaboraui</span> <span class='ocrx_word' id='word_1_134' title='bbox 280 1785 387 1871; x_wconf 89' lang='lat' dir='ltr'>etiam,</span> <span class='ocrx_word' id='word_1_135' title='bbox 417 1790 454 1850; x_wconf 88' lang='lat' dir='ltr'>ut</span> <span class='ocrx_word' id='word_1_136' title='bbox 482 1808 702 1871; x_wconf 84' lang='lat' dir='ltr'>consequerer.</span> <span class='ocrx_word' id='word_1_137' title='bbox 752 1787 801 1872; x_wconf 44' lang='lat' dir='ltr'>Et,</span> <span class='ocrx_word' id='word_1_138' title='bbox 824 1788 920 1874; x_wconf 89' lang='lat' dir='ltr'>plane</span> <span class='ocrx_word' id='word_1_139' title='bbox 943 1811 994 1862; x_wconf 92' lang='lat' dir='ltr'>me</span> <span class='ocrx_word' id='word_1_140' title='bbox 1027 1811 1100 1855; x_wconf 90' lang='lat' dir='ltr'>con·</span> 
     </span>
     <span class='ocr_line' id='line_1_19' title="bbox 83 1874 1099 1961; baseline 0.003 -20"><span class='ocrx_word' id='word_1_141' title='bbox 83 1879 231 1942; x_wconf 90' lang='lat' dir='ltr'>secutum</span> <span class='ocrx_word' id='word_1_142' title='bbox 250 1874 379 1961; x_wconf 85' lang='lat' dir='ltr'>credidi,</span> <span class='ocrx_word' id='word_1_143' title='bbox 402 1896 475 1940; x_wconf 89' lang='lat' dir='ltr'>cum</span> <span class='ocrx_word' id='word_1_144' title='bbox 489 1875 598 1940; x_wconf 91' lang='lat' dir='ltr'>decem</span> <span class='ocrx_word' id='word_1_145' title='bbox 612 1875 732 1941; x_wconf 86' lang='lat' dir='ltr'>abhinc</span> <span class='ocrx_word' id='word_1_146' title='bbox 746 1897 846 1942; x_wconf 90' lang='lat' dir='ltr'>annos</span> <span class='ocrx_word' id='word_1_147' title='bbox 859 1878 996 1943; x_wconf 85' lang='lat' dir='ltr'>Romam</span> <span class='ocrx_word' id='word_1_148' title='bbox 1015 1878 1099 1944; x_wconf 91' lang='lat' dir='ltr'>ueni.</span> 
     </span>
     <span class='ocr_line' id='line_1_20' title="bbox 84 1963 1099 2056; baseline 0.004 -27"><span class='ocrx_word' id='word_1_149' title='bbox 84 1965 158 2050; x_wconf 90' lang='lat' dir='ltr'>quis</span> <span class='ocrx_word' id='word_1_150' title='bbox 181 1964 267 2030; x_wconf 89' lang='lat' dir='ltr'>enim</span> <span class='ocrx_word' id='word_1_151' title='bbox 290 1964 385 2029; x_wconf 89' lang='lat' dir='ltr'>aliter</span> <span class='ocrx_word' id='word_1_152' title='bbox 408 1963 563 2049; x_wconf 85' lang='lat' dir='ltr'>crederet,</span> <span class='ocrx_word' id='word_1_153' title='bbox 590 1986 662 2029; x_wconf 93' lang='lat' dir='ltr'>cum</span> <span class='ocrx_word' id='word_1_154' title='bbox 685 1987 705 2030; x_wconf 96' lang='grc'>1</span> <span class='ocrx_word' id='word_1_155' title='bbox 727 1965 820 2031; x_wconf 92' lang='lat' dir='ltr'>Pont.</span> <span class='ocrx_word' id='word_1_156' title='bbox 848 1986 931 2032; x_wconf 88' lang='lat' dir='ltr'>max.</span> <span class='ocrx_word' id='word_1_157' title='bbox 959 1987 1099 2056; x_wconf 89' lang='lat' dir='ltr'>uocarer,</span> 
     </span>
     <span class='ocr_line' id='line_1_21' title="bbox 84 2052 1139 2141; baseline 0.001 -22"><span class='ocrx_word' id='word_1_158' title='bbox 84 2077 159 2119; x_wconf 91' lang='lat' dir='ltr'>curn</span> <span class='ocrx_word' id='word_1_159' title='bbox 181 2053 235 2118; x_wconf 91' lang='lat' dir='ltr'>hic</span> <span class='ocrx_word' id='word_1_160' title='bbox 259 2052 369 2139; x_wconf 82' lang='lat' dir='ltr'>uigere</span> <span class='ocrx_word' id='word_1_161' title='bbox 393 2052 575 2118; x_wconf 89' lang='lat' dir='ltr'>dicerentur</span> <span class='ocrx_word' id='word_1_162' title='bbox 598 2076 634 2118; x_wconf 88' lang='lat' dir='ltr'>ac</span> <span class='ocrx_word' id='word_1_163' title='bbox 658 2076 785 2138; x_wconf 89' lang='lat' dir='ltr'>semper</span> <span class='ocrx_word' id='word_1_164' title='bbox 808 2054 990 2141; x_wconf 85' lang='lat' dir='ltr'>uiguissent</span> <span class='ocrx_word' id='word_1_165' title='bbox 1013 2060 1139 2123; x_wconf 81' lang='lat' dir='ltr'>artesae</span> 
     </span>
     <span class='ocr_line' id='line_1_22' title="bbox 83 2141 1099 2228; baseline 0.002 -21"><span class='ocrx_word' id='word_1_166' title='bbox 83 2143 173 2228; x_wconf 92' lang='lat' dir='ltr'>illae,</span> <span class='ocrx_word' id='word_1_167' title='bbox 202 2141 321 2226; x_wconf 91' lang='lat' dir='ltr'>quibus</span> <span class='ocrx_word' id='word_1_168' title='bbox 348 2141 390 2205; x_wconf 92' lang='lat' dir='ltr'>ab</span> <span class='ocrx_word' id='word_1_169' title='bbox 418 2141 549 2206; x_wconf 88' lang='lat' dir='ltr'>incunte</span> <span class='ocrx_word' id='word_1_170' title='bbox 578 2145 684 2207; x_wconf 87' lang='lat' dir='ltr'>aetate</span> <span class='ocrx_word' id='word_1_171' title='bbox 711 2142 854 2207; x_wconf 89' lang='lat' dir='ltr'>studium</span> <span class='ocrx_word' id='word_1_172' title='bbox 876 2165 984 2208; x_wconf 89' lang='lat' dir='ltr'>meum</span> <span class='ocrx_word' id='word_1_173' title='bbox 1007 2143 1099 2209; x_wconf 88' lang='lat' dir='ltr'>dede·</span> 
     </span>
     <span class='ocr_line' id='line_1_23' title="bbox 82 2229 1099 2317; baseline 0 -21"><span class='ocrx_word' id='word_1_174' title='bbox 82 2254 166 2317; x_wconf 89' lang='lat' dir='ltr'>ram,</span> <span class='ocrx_word' id='word_1_175' title='bbox 195 2251 267 2296; x_wconf 91' lang='lat' dir='ltr'>cum</span> <span class='ocrx_word' id='word_1_176' title='bbox 294 2230 404 2315; x_wconf 89' lang='lat' dir='ltr'>ipsum</span> <span class='ocrx_word' id='word_1_177' title='bbox 435 2229 573 2315; x_wconf 91' lang='lat' dir='ltr'>denique</span> <span class='ocrx_word' id='word_1_178' title='bbox 604 2252 723 2296; x_wconf 90' lang='lat' dir='ltr'>nomen</span> <span class='ocrx_word' id='word_1_179' title='bbox 749 2229 840 2296; x_wconf 92' lang='lat' dir='ltr'>urbis</span> <span class='ocrx_word' id='word_1_180' title='bbox 866 2229 989 2296; x_wconf 87' lang='lat' dir='ltr'>Romae</span> <span class='ocrx_word' id='word_1_181' title='bbox 1015 2231 1099 2296; x_wconf 89' lang='lat' dir='ltr'>nihil</span> 
     </span>
     <span class='ocr_line' id='line_1_24' title="bbox 81 2318 1099 2406; baseline 0.001 -21"><span class='ocrx_word' id='word_1_182' title='bbox 81 2324 194 2406; x_wconf 87' lang='lat' dir='ltr'>tenue,</span> <span class='ocrx_word' id='word_1_183' title='bbox 221 2319 305 2384; x_wconf 92' lang='lat' dir='ltr'>nihil</span> <span class='ocrx_word' id='word_1_184' title='bbox 335 2322 523 2406; x_wconf 79' lang='lat' dir='ltr'>angustum,</span> <span class='ocrx_word' id='word_1_185' title='bbox 550 2318 606 2383; x_wconf 87' lang='lat' dir='ltr'>sed</span> <span class='ocrx_word' id='word_1_186' title='bbox 629 2318 737 2403; x_wconf 89' lang='lat' dir='ltr'>ampla</span> <span class='ocrx_word' id='word_1_187' title='bbox 761 2322 793 2383; x_wconf 91' lang='lat' dir='ltr'>et</span> <span class='ocrx_word' id='word_1_188' title='bbox 811 2340 929 2405; x_wconf 83' lang='lat' dir='ltr'>magna</span> <span class='ocrx_word' id='word_1_189' title='bbox 951 2319 1099 2403; x_wconf 89' lang='lat' dir='ltr'>polliceri</span> 
     </span>
     <span class='ocr_line' id='line_1_25' title="bbox 83 2407 1099 2494; baseline 0 -20"><span class='ocrx_word' id='word_1_190' title='bbox 83 2408 193 2474; x_wconf 89' lang='lat' dir='ltr'>omnia</span> <span class='ocrx_word' id='word_1_191' title='bbox 220 2407 406 2474; x_wconf 83' lang='lat' dir='ltr'>uideretur?</span> <span class='ocrx_word' id='word_1_192' title='bbox 450 2407 512 2472; x_wconf 87' lang='lat' dir='ltr'>hoc</span> <span class='ocrx_word' id='word_1_193' title='bbox 541 2407 612 2472; x_wconf 91' lang='lat' dir='ltr'>loco</span> <span class='ocrx_word' id='word_1_194' title='bbox 644 2429 710 2472; x_wconf 90' lang='lat' dir='ltr'>non</span> <span class='ocrx_word' id='word_1_195' title='bbox 741 2407 871 2494; x_wconf 85' lang='lat' dir='ltr'>faciam,</span> <span class='ocrx_word' id='word_1_196' title='bbox 902 2411 939 2473; x_wconf 90' lang='lat' dir='ltr'>ut</span> <span class='ocrx_word' id='word_1_197' title='bbox 971 2413 1028 2474; x_wconf 90' lang='lat' dir='ltr'>aut</span> <span class='ocrx_word' id='word_1_198' title='bbox 1060 2409 1099 2474; x_wconf 91' lang='lat' dir='ltr'>de</span> 
     </span>
     <span class='ocr_line' id='line_1_26' title="bbox 82 2496 1140 2585; baseline 0.003 -22"><span class='ocrx_word' id='word_1_199' title='bbox 82 2496 165 2563; x_wconf 88' lang='lat' dir='ltr'>meis</span> <span class='ocrx_word' id='word_1_200' title='bbox 197 2497 268 2581; x_wconf 90' lang='lat' dir='ltr'>ipse</span> <span class='ocrx_word' id='word_1_201' title='bbox 299 2496 423 2562; x_wconf 90' lang='lat' dir='ltr'>meritis</span> <span class='ocrx_word' id='word_1_202' title='bbox 451 2496 630 2582; x_wconf 89' lang='lat' dir='ltr'>detraham,</span> <span class='ocrx_word' id='word_1_203' title='bbox 663 2496 749 2580; x_wconf 93' lang='lat' dir='ltr'>quod</span> <span class='ocrx_word' id='word_1_204' title='bbox 776 2500 862 2561; x_wconf 91' lang='lat' dir='ltr'>certe</span> <span class='ocrx_word' id='word_1_205' title='bbox 888 2519 954 2564; x_wconf 89' lang='lat' dir='ltr'>non</span> <span class='ocrx_word' id='word_1_206' title='bbox 983 2497 1099 2585; x_wconf 80' lang='lat' dir='ltr'>debe03</span> <span class='ocrx_word' id='word_1_207' title='bbox 1114 2524 1140 2566; x_wconf 81' lang='lat' dir='ltr'>rs</span> 
     </span>
     <span class='ocr_line' id='line_1_27' title="bbox 82 2585 1100 2675; baseline 0.001 -23"><span class='ocrx_word' id='word_1_208' title='bbox 82 2609 151 2652; x_wconf 90' lang='lat' dir='ltr'>non</span> <span class='ocrx_word' id='word_1_209' title='bbox 178 2585 263 2650; x_wconf 90' lang='lat' dir='ltr'>enim</span> <span class='ocrx_word' id='word_1_210' title='bbox 291 2585 450 2670; x_wconf 89' lang='lat' dir='ltr'>commisi,</span> <span class='ocrx_word' id='word_1_211' title='bbox 477 2589 514 2650; x_wconf 91' lang='lat' dir='ltr'>ut</span> <span class='ocrx_word' id='word_1_212' title='bbox 542 2607 647 2652; x_wconf 91' lang='lat' dir='ltr'>meam</span> <span class='ocrx_word' id='word_1_213' title='bbox 669 2585 704 2649; x_wconf 92' lang='lat' dir='ltr'>in</span> <span class='ocrx_word' id='word_1_214' title='bbox 730 2608 765 2651; x_wconf 91' lang='lat' dir='ltr'>rc</span> <span class='ocrx_word' id='word_1_215' title='bbox 788 2585 939 2660; x_wconf 86' lang='lat' dir='ltr'>mandata</span> <span class='ocrx_word' id='word_1_216' title='bbox 965 2587 1100 2675; x_wconf 86' lang='lat' dir='ltr'>diligen-</span> 
     </span>
     <span class='ocr_line' id='line_1_28' title="bbox 81 2673 1098 2762; baseline 0.002 -22"><span class='ocrx_word' id='word_1_217' title='bbox 81 2675 178 2760; x_wconf 86' lang='lat' dir='ltr'>tiam,</span> <span class='ocrx_word' id='word_1_218' title='bbox 201 2696 346 2760; x_wconf 88' lang='lat' dir='ltr'>operam,</span> <span class='ocrx_word' id='word_1_219' title='bbox 373 2673 470 2738; x_wconf 92' lang='lat' dir='ltr'>fidem</span> <span class='ocrx_word' id='word_1_220' title='bbox 496 2673 658 2759; x_wconf 90' lang='lat' dir='ltr'>requirere</span> <span class='ocrx_word' id='word_1_221' title='bbox 686 2675 857 2760; x_wconf 91' lang='lat' dir='ltr'>quisquam</span> <span class='ocrx_word' id='word_1_222' title='bbox 883 2675 953 2741; x_wconf 93' lang='lat' dir='ltr'>iure</span> <span class='ocrx_word' id='word_1_223' title='bbox 981 2677 1098 2762; x_wconf 82' lang='lat' dir='ltr'>possit3</span> 
     </span>
     <span class='ocr_line' id='line_1_29' title="bbox 82 2762 1098 2850; baseline 0.001 -22"><span class='ocrx_word' id='word_1_224' title='bbox 82 2768 140 2829; x_wconf 88' lang='lat' dir='ltr'>aut</span> <span class='ocrx_word' id='word_1_225' title='bbox 164 2763 244 2828; x_wconf 93' lang='lat' dir='ltr'>alios</span> <span class='ocrx_word' id='word_1_226' title='bbox 267 2785 410 2848; x_wconf 90' lang='lat' dir='ltr'>carpam,</span> <span class='ocrx_word' id='word_1_227' title='bbox 437 2763 524 2847; x_wconf 92' lang='lat' dir='ltr'>quod</span> <span class='ocrx_word' id='word_1_228' title='bbox 550 2762 591 2827; x_wconf 92' lang='lat' dir='ltr'>ab</span> <span class='ocrx_word' id='word_1_229' title='bbox 620 2762 780 2829; x_wconf 90' lang='lat' dir='ltr'>institutis</span> <span class='ocrx_word' id='word_1_230' title='bbox 808 2763 889 2827; x_wconf 91' lang='lat' dir='ltr'>meis</span> <span class='ocrx_word' id='word_1_231' title='bbox 910 2763 1098 2850; x_wconf 84' lang='lat' dir='ltr'>longissime</span> 
     </span>
     <span class='ocr_line' id='line_1_30' title="bbox 81 2849 1097 2936; baseline 0 -20"><span class='ocrx_word' id='word_1_232' title='bbox 81 2853 191 2918; x_wconf 88' lang='lat' dir='ltr'>distat.</span> <span class='ocrx_word' id='word_1_233' title='bbox 228 2851 368 2918; x_wconf 82' lang='lat' dir='ltr'>Tantum</span> <span class='ocrx_word' id='word_1_234' title='bbox 387 2851 490 2916; x_wconf 91' lang='lat' dir='ltr'>dicam</span> <span class='ocrx_word' id='word_1_235' title='bbox 514 2856 546 2916; x_wconf 92' lang='lat' dir='ltr'>et</span> <span class='ocrx_word' id='word_1_236' title='bbox 569 2851 603 2916; x_wconf 94' lang='lat' dir='ltr'>id</span> <span class='ocrx_word' id='word_1_237' title='bbox 620 2852 728 2936; x_wconf 91' lang='lat' dir='ltr'>ipsum</span> <span class='ocrx_word' id='word_1_238' title='bbox 746 2849 884 2936; x_wconf 90' lang='lat' dir='ltr'>inuitus,</span> <span class='ocrx_word' id='word_1_239' title='bbox 905 2851 1013 2916; x_wconf 92' lang='lat' dir='ltr'>nescio</span> <span class='ocrx_word' id='word_1_240' title='bbox 1033 2873 1097 2935; x_wconf 93' lang='lat' dir='ltr'>quo</span> 
     </span>
     <span class='ocr_line' id='line_1_31' title="bbox 80 2938 1139 3026; baseline 0 -20"><span class='ocrx_word' id='word_1_241' title='bbox 80 2942 151 3007; x_wconf 82' lang='lat' dir='ltr'>fato</span> <span class='ocrx_word' id='word_1_242' title='bbox 179 2939 260 3006; x_wconf 90' lang='lat' dir='ltr'>mihi</span> <span class='ocrx_word' id='word_1_243' title='bbox 287 2939 394 3006; x_wconf 87' lang='lat' dir='ltr'>fontes</span> <span class='ocrx_word' id='word_1_244' title='bbox 420 2939 556 3024; x_wconf 88' lang='lat' dir='ltr'>aruisse,</span> <span class='ocrx_word' id='word_1_245' title='bbox 583 2940 639 3025; x_wconf 92' lang='lat' dir='ltr'>qui</span> <span class='ocrx_word' id='word_1_246' title='bbox 666 2940 826 3024; x_wconf 88' lang='lat' dir='ltr'>profluere</span> <span class='ocrx_word' id='word_1_247' title='bbox 854 2938 1016 3026; x_wconf 88' lang='lat' dir='ltr'>solebant,</span> <span class='ocrx_word' id='word_1_248' title='bbox 1045 2939 1098 3006; x_wconf 78' lang='lat' dir='ltr'>be</span> <span class='ocrx_word' id='word_1_249' title='bbox 1111 2965 1139 3006; x_wconf 82' lang='lat' dir='ltr'>ro</span> 
     </span>
     <span class='ocr_line' id='line_1_32' title="bbox 80 3026 1097 3116; baseline 0 -20"><span class='ocrx_word' id='word_1_250' title='bbox 80 3029 293 3116; x_wconf 77' lang='lat' dir='ltr'>dignitatem,</span> <span class='ocrx_word' id='word_1_251' title='bbox 325 3051 406 3113; x_wconf 89' lang='lat' dir='ltr'>quae</span> <span class='ocrx_word' id='word_1_252' title='bbox 434 3034 529 3094; x_wconf 88' lang='lat' dir='ltr'>antea</span> <span class='ocrx_word' id='word_1_253' title='bbox 556 3028 705 3115; x_wconf 87' lang='lat' dir='ltr'>patebat,</span> <span class='ocrx_word' id='word_1_254' title='bbox 737 3027 784 3093; x_wconf 92' lang='lat' dir='ltr'>ita</span> <span class='ocrx_word' id='word_1_255' title='bbox 816 3026 957 3094; x_wconf 89' lang='lat' dir='ltr'>clausam</span> <span class='ocrx_word' id='word_1_256' title='bbox 984 3028 1019 3094; x_wconf 90' lang='lat' dir='ltr'>in</span> <span class='ocrx_word' id='word_1_257' title='bbox 1046 3050 1097 3096; x_wconf 88' lang='lat' dir='ltr'>me</span> 
     </span>
     <span class='ocr_line' id='line_1_33' title="bbox 80 3117 1097 3204; baseline -0.001 -20"><span class='ocrx_word' id='word_1_258' title='bbox 80 3141 165 3201; x_wconf 88' lang='lat' dir='ltr'>csse,</span> <span class='ocrx_word' id='word_1_259' title='bbox 192 3141 259 3184; x_wconf 93' lang='lat' dir='ltr'>non</span> <span class='ocrx_word' id='word_1_260' title='bbox 281 3119 376 3183; x_wconf 94' lang='lat' dir='ltr'>modo</span> <span class='ocrx_word' id='word_1_261' title='bbox 400 3121 437 3182; x_wconf 91' lang='lat' dir='ltr'>ut</span> <span class='ocrx_word' id='word_1_262' title='bbox 463 3117 548 3184; x_wconf 88' lang='lat' dir='ltr'>nihil</span> <span class='ocrx_word' id='word_1_263' title='bbox 574 3117 744 3204; x_wconf 90' lang='lat' dir='ltr'>eiusmodi,</span> <span class='ocrx_word' id='word_1_264' title='bbox 771 3117 807 3182; x_wconf 89' lang='lat' dir='ltr'>in</span> <span class='ocrx_word' id='word_1_265' title='bbox 834 3139 898 3202; x_wconf 92' lang='lat' dir='ltr'>quo</span> <span class='ocrx_word' id='word_1_266' title='bbox 927 3118 981 3184; x_wconf 90' lang='lat' dir='ltr'>uel</span> <span class='ocrx_word' id='word_1_267' title='bbox 1003 3118 1097 3203; x_wconf 87' lang='lat' dir='ltr'>copia</span> 
     </span>
     <span class='ocr_line' id='line_1_34' title="bbox 80 3206 1097 3293; baseline -0.001 -21"><span class='ocrx_word' id='word_1_268' title='bbox 80 3208 135 3272; x_wconf 90' lang='lat' dir='ltr'>uel</span> <span class='ocrx_word' id='word_1_269' title='bbox 162 3207 316 3292; x_wconf 90' lang='lat' dir='ltr'>splendor</span> <span class='ocrx_word' id='word_1_270' title='bbox 342 3206 475 3293; x_wconf 89' lang='lat' dir='ltr'>inesset,</span> <span class='ocrx_word' id='word_1_271' title='bbox 502 3206 558 3272; x_wconf 91' lang='lat' dir='ltr'>sed</span> <span class='ocrx_word' id='word_1_272' title='bbox 583 3229 624 3273; x_wconf 92' lang='lat' dir='ltr'>ne</span> <span class='ocrx_word' id='word_1_273' title='bbox 646 3206 851 3272; x_wconf 86' lang='lat' dir='ltr'>mediocritas</span> <span class='ocrx_word' id='word_1_274' title='bbox 879 3207 936 3272; x_wconf 89' lang='lat' dir='ltr'>illa</span> <span class='ocrx_word' id='word_1_275' title='bbox 958 3206 1097 3292; x_wconf 88' lang='lat' dir='ltr'>quidem,</span> 
     </span>
     <span class='ocr_line' id='line_1_35' title="bbox 79 3295 1096 3382; baseline -0.001 -22"><span class='ocrx_word' id='word_1_276' title='bbox 79 3319 164 3380; x_wconf 89' lang='lat' dir='ltr'>quae</span> <span class='ocrx_word' id='word_1_277' title='bbox 191 3295 322 3381; x_wconf 91' lang='lat' dir='ltr'>repellit</span> <span class='ocrx_word' id='word_1_278' title='bbox 353 3295 568 3380; x_wconf 88' lang='lat' dir='ltr'>incommoda,</span> <span class='ocrx_word' id='word_1_279' title='bbox 596 3318 677 3382; x_wconf 90' lang='lat' dir='ltr'>quae</span> <span class='ocrx_word' id='word_1_280' title='bbox 703 3297 907 3362; x_wconf 90' lang='lat' dir='ltr'>honestatem</span> <span class='ocrx_word' id='word_1_281' title='bbox 936 3318 976 3360; x_wconf 88' lang='lat' dir='ltr'>ex</span> <span class='ocrx_word' id='word_1_282' title='bbox 1004 3299 1096 3380; x_wconf 87' lang='lat' dir='ltr'>parte</span> 
     </span>
     <span class='ocr_line' id='line_1_36' title="bbox 79 3382 1137 3472; baseline 0 -22"><span class='ocrx_word' id='word_1_283' title='bbox 79 3385 196 3450; x_wconf 88' lang='lat' dir='ltr'>saltem</span> <span class='ocrx_word' id='word_1_284' title='bbox 220 3385 328 3470; x_wconf 86' lang='lat' dir='ltr'>aliqua</span> <span class='ocrx_word' id='word_1_285' title='bbox 354 3388 479 3472; x_wconf 89' lang='lat' dir='ltr'>tuetur,</span> <span class='ocrx_word' id='word_1_286' title='bbox 505 3385 586 3450; x_wconf 85' lang='lat' dir='ltr'>mihi</span> <span class='ocrx_word' id='word_1_287' title='bbox 613 3385 717 3450; x_wconf 87' lang='lat' dir='ltr'>adhuc</span> <span class='ocrx_word' id='word_1_288' title='bbox 740 3383 906 3471; x_wconf 85' lang='lat' dir='ltr'>obtigerit.</span> <span class='ocrx_word' id='word_1_289' title='bbox 951 3382 1000 3450; x_wconf 86' lang='lat' dir='ltr'>Ae</span> <span class='ocrx_word' id='word_1_290' title='bbox 1022 3382 1096 3450; x_wconf 90' lang='lat' dir='ltr'>uide</span> <span class='ocrx_word' id='word_1_291' title='bbox 1111 3408 1137 3452; x_wconf 81' lang='lat' dir='ltr'>aa</span> 
     </span>
    </p>
   </div>
   <div class='ocr_carea' id='block_1_4' title="bbox 171 3576 848 3650">
    <p class='ocr_par' dir='ltr' id='par_1_4' title="bbox 171 3576 848 3650">
     <span class='ocr_line' id='line_1_37' title="bbox 171 3576 848 3650; baseline 0.003 -20"><span class='ocrx_word' id='word_1_292' title='bbox 171 3581 187 3630; x_wconf 80' lang='lat'><strong>5</strong></span> <span class='ocrx_word' id='word_1_293' title='bbox 207 3579 274 3633; x_wconf 90' lang='lat' dir='ltr'>ante</span> <span class='ocrx_word' id='word_1_294' title='bbox 294 3576 388 3632; x_wconf 82' lang='lat' dir='ltr'>‘nihil’</span> <span class='ocrx_word' id='word_1_295' title='bbox 410 3576 510 3650; x_wconf 82' lang='lat' dir='ltr'>(non)</span> <span class='ocrx_word' id='word_1_296' title='bbox 528 3577 708 3633; x_wconf 85' lang='lat' dir='ltr'>inserendum</span> <span class='ocrx_word' id='word_1_297' title='bbox 726 3576 848 3632; x_wconf 86' lang='lat' dir='ltr'>uidetur.</span> 
     </span>
    </p>
   </div>
   <div class='ocr_carea' id='block_1_5' title="bbox 0 0 1310 3890">
    <p class='ocr_par' dir='ltr' id='par_1_5' title="bbox 0 0 1310 3890">
     <span class='ocr_line' id='line_1_38' title="bbox 0 0 1310 3890; baseline 0 2"><span class='ocrx_word' id='word_1_298' title='bbox 0 0 1310 3890; x_wconf 95' lang='lat' dir='ltr'> </span> 
     </span>
    </p>
   </div>
  </div>
 </body>
</html>
