2578 3896
395 171 428 224 X.
448 169 585 226 Siluestro
604 169 828 228 Aldobrandino.
1079 175 1119 240 17

89 333 190 418 facit,
212 336 251 396 ut
274 331 374 395 etiam
395 330 423 395 si
446 331 526 396 mihi
554 331 657 397 otium
681 333 862 419 contingat,
890 336 976 418 quod
1000 356 1076 400 sane
1099 359 1119 400 a

88 423 243 486 discessu
261 425 319 484 tuo
337 419 463 484 nullum
478 421 625 506 contigit,
643 421 769 485 litteras
788 425 897 487 tamen
910 422 951 486 ad
964 427 996 488 ιι
1011 424 1119 490 minus

90 532 197 594 saepe
220 508 358 574 mittam.
393 529 480 573 nuuc
497 508 545 572 rei
563 509 757 596 magnitudo
772 510 858 596 fecit,
876 515 913 575 ut
931 512 966 576 in
984 513 1119 578 summis

91 597 372 682 occupationibus
395 597 474 662 haec
497 601 606 662 tamen
629 621 802 663 exararem.
852 598 1032 665 Antonium
1055 603 1118 666 fra-

91 691 185 751 trem
204 686 250 750 sic
274 707 356 769 amo,
379 689 416 749 ut
435 686 546 751 debeo.
583 686 640 750 sed
667 687 752 752 inter
778 688 895 753 fratres
918 688 987 771 piet
989 711 1024 753 as
1048 712 1116 755 esse
1144 720 1160 762 5

94 775 200 859 solet,
172 774 368 840 tsuauitas
384 796 452 839 nou
475 774 565 839 solet.
607 776 645 839 de
668 775 764 842 nobis
787 776 849 841 hoc
871 798 912 841 ne
935 777 1117 842 credideris.

91 825 244 928 amenius
276 863 362 927 inter
390 885 464 948 nos,
494 868 531 927 ut
554 865 618 928 frat
604 868 683 948 t,res
713 864 868 951 uiuimus,
898 871 935 931 ut
958 866 1117 950 aequales.

92 952 211 1036 itaque
238 972 306 1016 non
322 950 430 1017 facile
464 951 614 1038 dixerim,
646 957 719 1017 uter
750 953 816 1018 utri
848 954 892 1018 ιιι
924 954 1028 1020 carior
1061 958 1117 1019 aut

93 1039 282 1140 iucundior3
310 1039 373 1104 nisi
396 1041 480 1105 forte
463 1039 543 1104 ein
565 1005 627 1106 ho'c
650 1040 756 1106 officio
779 1041 851 1107 ideo
879 1042 935 1106 ille
957 1065 1009 1107 me
1031 1043 1118 1108 uide-

92 1134 155 1192 tur
177 1128 315 1229 uincere,
338 1129 425 1211 quod
447 1150 466 1192 a
488 1151 549 1213 me,
573 1129 629 1213 qui
652 1152 723 1195 sum
741 1134 821 1196 natu
838 1131 953 1218 minor,
976 1131 1063 1196 uinci
1083 1154 1116 1196 se
1132 1162 1159 1203 ιο

93 1239 167 1282 non
190 1217 325 1301 patitur.
370 1217 456 1282 hunc
483 1217 546 1282 tibi
573 1239 641 1282 non
666 1222 746 1303 puto
776 1241 858 1303 opus
881 1243 950 1286 esse
973 1225 1010 1287 ut
1033 1243 1118 1286 com-

93 1306 257 1391 mendem,
280 1305 337 1370 sed
359 1306 546 1371 commendo
569 1311 679 1372 tamen
702 1329 803 1392 eoque
832 1309 953 1395 studio,
977 1331 1041 1393 quo
1064 1333 1116 1376 me

94 1393 259 1480 intelligis
282 1399 315 1458 et
337 1393 527 1459 fratremt
495 1399 560 1459 ιιι
546 1394 644 1460 talem
662 1398 795 1460 fratrem
818 1397 934 1462 debere
958 1420 1117 1464 commen-

97 1483 186 1546 dare.
231 1482 410 1568 ιιιιιιιι,ιι
387 1487 526 1549 uteum
553 1483 588 1548 in
614 1483 747 1569 negotio
775 1508 833 1550 suo
860 1489 917 1549 tua
939 1487 1117 1569 plurimum

97 1593 162 1657 gra
162 1569 209 1634 ιιι
227 1570 335 1635 iuuare
354 1571 467 1655 possit.
500 1573 710 1656 quamobrem
728 1572 957 1637 humanitatt
911 1577 1000 1637 ιιιιι
1013 1575 1116 1639 frctus
1130 1602 1157 1643 ιι

97 1659 207 1724 adibit
235 1659 274 1724 ad
301 1664 334 1725 te
362 1664 395 1724 et
422 1681 568 1725 caussam
600 1660 662 1726 tibi
691 1683 781 1726 suam
810 1662 848 1728 de
874 1661 1026 1726 mandato
1057 1685 1115 1728 suo

97 1747 275 1834 diligenter
301 1753 452 1832 exponet.
498 1770 578 1833 quae
606 1750 634 1814 si
661 1749 724 1814 tibi
751 1750 960 1836 probabitur,
991 1755 1068 1835 peto
1096 1773 1115 1815 a

95 1843 140 1922 ιι,
164 1840 201 1900 ut
224 1836 418 1920 aequissima
440 1837 475 1902 in
502 1861 536 1902 re
558 1839 692 1904 fratrem
715 1861 821 1904 meum
849 1839 897 1904 tui
921 1839 1116 1905 studiosissi-

95 1947 188 1990 mum
206 1924 398 1990 auctoritate
416 1931 483 2012 tua,
506 1949 586 2010 quae
605 1928 693 2012 apud
711 1929 833 1994 omneis
852 1929 956 1994 bonos
975 1929 1115 1994 maxima

95 2018 164 2099 ιιι,
194 2013 412 2078 adiuuandum
443 2014 608 2099 suscipias.
660 2016 751 2083 Vale.
781 2017 927 2083 Venetiis
957 2017 1011 2083 IX.
1042 2017 1113 2082 Kal.
1128 2047 1156 2086 rc

96 2101 186 2168 Sext.
211 2102 300 2186 [ante
324 2124 444 2168 annum
466 2104 659 2190 MDXLIV].

498 2337 711 2346 --—---——-

587 2528 625 2592 X.

277 2667 469 2734 Siluestro
491 2667 784 2734 Aldobrandino
808 2677 866 2747 (IV,
882 2680 933 2746 ιι).

187 2809 226 2875 lu
244 2810 284 2875 iis
297 2810 425 2894 litteris,
445 2832 526 2893 quas
544 2811 584 2874 ad
601 2809 768 2896 Augulum
781 2814 928 2875 nostrum
942 2811 1026 2876 XVI.
1041 2810 1112 2876 Kal.

96 2901 186 2966 Sext.
210 2899 340 2984 dedisti,
367 2899 461 2963 ualde
488 2899 569 2963 mihi
597 2899 719 2983 scripta
741 2900 865 2964 urbane
891 2899 962 2965 uisa
985 2905 1033 2964 est
1056 2899 1112 2964 illa
1126 2928 1154 2968 aa

99 3011 189 3073 pars,
215 2987 250 3052 in
274 3010 338 3072 qua
359 2987 468 3052 nescio
497 2987 575 3071 quid
603 2987 641 3052 de
665 3010 716 3052 me
740 3010 798 3071 per
821 2988 939 3075 iocum,
962 2988 1018 3054 sed
1040 3011 1132 3059 cum.

102 3076 283 3162 quadamt
284 3099 378 3141 amen
406 3076 524 3140 amoris
551 3080 610 3140 not
611 3099 630 3138 a
657 3076 855 3163 significasti
905 3078 1028 3164 gaudeo
1061 3101 1113 3143 me

98 3165 162 3230 tibi
183 3186 288 3248 usque
312 3188 349 3231 eo
374 3186 442 3229 esse
465 3165 725 3266 familiaremut
688 3165 847 3230 uetiam
869 3166 975 3232 facet''
938 3171 993 3232 ιιιι
1015 3167 1113 3232 ιιιιι-

102 3276 159 3319 sas.
207 3276 271 3337 quo
295 3253 330 3318 in
353 3275 470 3340 genere
493 3253 520 3317 si
543 3275 673 3339 perges,
701 3253 840 3340 gratiam
862 3255 1048 3337 referemus,
1070 3275 1111 3317 ne

100 3349 137 3408 tu
158 3341 288 3407 homo
279 3341 466 3429 ingeniosus
483 3347 575 3407 nost
561 3341 749 3407 tardiores
741 3365 873 3426 rmpune
892 3341 1110 3406 commoueris.
1126 3368 1155 3408 so

101 3430 179 3496 Mihi
203 3452 276 3496 eum
298 3431 402 3495 amico
420 3435 478 3495 tuo
496 3435 582 3495 recte
601 3430 762 3496 conuenit.
798 3431 871 3495 doct
857 3434 927 3493 tum
949 3429 1112 3496 homiuem

101 3519 249 3606 cognom,
272 3520 395 3584 bonum
418 3519 525 3584 uirum
547 3541 616 3584 esse
640 3519 743 3584 audio.
789 3518 867 3582 haec
894 3538 967 3582 cum
990 3518 1087 3583 sint
1078 3542 1113 3583 m

153 3634 176 3676 P.
190 3633 292 3675 Munatii
305 3633 419 3684 epistulae
433 3634 537 3676 selectae.
882 3625 897 3671 2
