2610 3890
430 184 501 241 LHI.
529 185 658 240 Andreae
677 186 814 244 Gestinio.
1069 195 1133 260 115

114 369 132 410 ι
156 351 190 410 ιι
215 345 396 447 exspectari
419 346 513 412 uideo
517 350 661 435 ,augeri
679 350 759 415 mihi
783 351 906 416 animos
930 353 970 417 ad
994 356 1133 422 scriben-

113 436 193 499 dum
217 433 331 499 sentio.
377 439 410 499 et
437 401 632 521 quaniquam
658 443 695 503 tu
723 461 790 504 non
819 440 935 527 instes,
968 444 1132 511 admoneri

112 529 224 589 tamen
254 522 445 610 uideor‚t
408 528 445 588 ut
475 525 652 592 absoluam
699 529 755 592 sed
783 529 846 594 hoc
875 494 935 594 nei
966 531 1034 596 sine
1064 535 1131 600 otio

110 613 185 678 fieri
207 615 318 696 potest
341 575 378 676 et,
395 612 576 679 Romaet
541 615 643 679 otium
668 621 781 700 optare
805 618 873 683 eius
898 622 960 705 est,
990 621 1047 704 qui
1068 621 1132 687 Ro-

111 724 201 766 mam
223 701 329 785 ipsam
355 701 485 803 ignoret
513 706 570 767 ιιιι
598 704 666 790 qui,
697 707 783 789 quod
812 706 934 771 accidat
920 709 1157 798 tuniuersis,5

109 791 146 854 in
189 812 227 853 eo
269 789 331 853 sibi
372 790 579 891 praecipuam
616 793 836 860 condicionem
875 818 1004 897 sperare
1042 763 1130 863 solui

110 879 237 943 audeat.
215 877 346 943 tSed
369 879 445 963 quia
468 901 630 945 cessamus
657 882 810 947 inuitiet
796 884 923 971 tquia,
953 887 1039 970 quod
1066 887 1130 952 fuit

108 969 146 1032 in
170 988 268 1051 opere
292 966 469 1054 difficilius,
498 969 569 1033 idt
555 973 697 1035 transact
698 992 754 1035 um
776 972 841 1036 iam
870 977 932 1058 est,
961 974 1129 1062 enitemur,

107 1061 147 1120 ut
171 1055 297 1139 reliqua
324 1055 378 1120 diu
405 1020 472 1121 nori
500 1057 681 1123 desiderent
667 1063 729 1123 t.ur
774 1025 985 1146 angustia'et
987 1064 1127 1148 emporis

108 1145 358 1209 obstabunta
359 1145 446 1209 ttde
447 1145 559 1211 rahere
582 1146 705 1232 aliquid
728 1170 840 1214 somno
865 1153 897 1214 et
920 1152 1064 1216 conferre
1088 1152 1167 1216 adro

105 1167 358 1298 lucubranduma
369 1233 489 1298 licebit
467 1238 631 1320 tturpe
655 1236 740 1302 enim
767 1237 937 1303 nobist
887 1244 950 1326 est,
979 1241 1035 1325 qui
1058 1263 1126 1307 uer

106 1343 219 1387 samur
251 1321 286 1387 in
318 1322 435 1387 artium
467 1323 742 1390 nobilissimarum
775 1327 905 1414 studiis,
937 1330 1127 1396 antelucana

104 1411 196 1475 uinci
218 1410 378 1475 leuiorum
401 1411 554 1495 opificum
577 1413 745 1500 industrie,
768 1415 959 1497 praesertim
980 1440 1053 1483 cum
1076 1421 1125 1483 illi

104 1499 192 1564 nihil
220 1503 349 1583 praeter
376 1521 426 1583 ea,
456 1521 538 1584 quae
568 1501 696 1585 corpori
725 1503 871 1566 seruiunt
901 1508 934 1567 et
962 1509 1125 1570 uetustate

105 1592 374 1674 corrumpuntur,
404 1610 464 1653 nos
497 1588 596 1654 animi
623 1591 765 1655 fructum
798 1611 870 1655 cum
899 1591 1039 1656 nominis
1067 1593 1124 1656 irn-
1138 1617 1164 1657 ιι

101 1676 285 1742 mortalitat
237 1681 526 1761 tat.equaeramus
571 1677 661 1744 Vale.
706 1680 841 1767 Romae,
872 1678 930 1745 IV.
952 1679 1024 1746 Kal
1047 1681 1123 1746 Dec.

99 1764 269 1831 MDLXII.

506 1913 721 1921 ———-

571 2101 653 2167 LIII.

218 2242 392 2308 Andreae
421 2243 600 2310 Gestidio
630 2242 852 2309 Cracouiam
880 2254 1007 2330 (VI,17).

190 2386 291 2451 Recte
310 2385 475 2451 coniecisti
495 2384 590 2451 obrui
604 2407 655 2450 me
674 2385 770 2469 plane
788 2384 995 2472 negotiorum
1014 2387 1117 2454 flucti·
1131 2415 1158 2453 ro

99 2477 173 2540 bus.
219 2475 374 2559 namqui
398 2479 504 2562 antea,
529 2496 602 2539 cum
626 2495 730 2539 essem
752 2473 914 2563 Venetiis,
937 2478 990 2541 uel
1013 2477 1117 2543 infimi

98 2563 223 2629 ordinis
246 2563 434 2628 hominibus
457 2563 651 2648 respondere
675 2564 716 2628 ad
730 2587 784 2634 me
807 2565 1026 2631 scribentibus
1045 2589 1117 2632 con-

96 2675 257 2739 suessem,
282 2653 405 2718 scilicet
426 2649 574 2718 Andreae
598 2652 759 2740 GostimO,
788 2654 973 2720 doctissimo
998 2659 1031 2719 et
1054 2655 1116 2721 elo·

97 2741 314 2826 quentissimo
344 2741 428 2828 uiro,
459 2763 584 2806 summa
614 2743 701 2826 apud
730 2742 895 2826 principes
923 2741 1115 2808 auctoritate

96 2836 130 2895 et
168 2831 288 2917 gratia,
323 2829 554 2895 humanissime
592 2831 745 2894 scribenti
781 2829 865 2893 nihil
896 2831 1113 2895 rescriberem.
1129 2855 1155 2894 rs

95 2925 168 2984 tum
196 2940 274 2984 uero
297 2942 348 2983 me
375 2919 539 2984 hominem
566 2941 631 2984 non
659 2941 729 2983 esse
756 2917 952 3003 minimeque
980 2919 1115 3005 dignum

95 3009 137 3072 iis
175 3007 295 3073 litteris
327 3012 490 3094 putarem,
528 3008 647 3094 quibus
683 3008 725 3071 ab
763 3008 894 3073 ineunte
931 3011 1036 3073 aetate
1068 3008 1115 3072 ιιι

94 3119 205 3162 meum
238 3097 381 3162 studium
419 3097 504 3183 dedi,
540 3096 623 3160 nihil
660 3101 697 3160 ut
734 3096 899 3181 antiquius
935 3097 1115 3183 habuerim,

92 3185 179 3251 nihil
216 3186 347 3250 omnino
384 3185 520 3250 dixerim
552 3189 661 3270 praest
647 3185 778 3250 tantius.
831 3186 953 3251 Fecit
939 3191 1048 3250 tamen
1079 3185 1114 3248 in

93 3273 230 3339 summis
261 3273 542 3375 occupationibus,
572 3279 609 3340 ut
640 3274 861 3340 orationemt
862 3296 936 3338 uam
962 3274 1112 3360 legerem
1127 3297 1154 3337 eo

94 3364 133 3428 de
159 3384 223 3448 qua
251 3362 297 3428 sic
321 3367 443 3450 statuo,
473 3363 628 3464 scriptam
659 3384 728 3428 esse
756 3363 864 3449 grauit
866 3384 904 3426 ur
931 3366 964 3426 et
992 3365 1112 3448 ornate,

94 3452 155 3538 sic,
187 3456 223 3516 ut
254 3474 294 3516 ex
325 3452 387 3516 ista
369 3415 596 3537 aphouincia,
626 3474 707 3536 quae
734 3473 820 3517 nunc
849 3450 989 3538 egregiis
1018 3414 1112 3515 florei

93 3540 249 3627 ingeniis,
272 3540 335 3604 tibi
359 3562 543 3624 comparem
566 3562 700 3626 paucOS,
723 3543 918 3623 anteponam
940 3539 1110 3604 neminem.

861 3642 897 3696 8*
