2610 3890
186 199 249 263 116
497 193 568 251 LIII.
596 193 725 248 Andreae
744 190 882 248 Gestinio.

185 382 249 445 quo
274 381 349 423 sane
371 355 501 422 nominc
530 355 739 420 uehementer
764 353 828 419 tibi
854 353 1001 440 gratulor
1029 360 1061 419 ct
1084 355 1204 421 libcra-

184 449 272 514 libus
301 444 494 530 disciplinis,
522 444 641 528 quibus
670 445 711 508 ab
739 443 803 508 ista
830 442 1014 528 eloquentia
1042 449 1203 528 quantum

186 535 365 603 ornamenti
384 533 490 618 possit
503 533 664 618 accedere,
679 537 786 596 mente
805 532 870 596 iam
888 532 1061 616 prospicio.
1084 533 1203 620 Perge,

183 625 231 691 mi
259 623 399 708 (tostini,
428 643 488 708 per
517 644 587 685 eam
614 621 715 705 uiam,
744 642 826 705 quae
856 625 889 685 te
917 620 958 685 ad
983 621 1204 688 immortalem

159 714 323 802 agloriam
361 712 456 776 ducit.
504 709 587 774 nihil
623 709 801 795 optabilius
839 709 992 795 sapienti,
1029 732 1128 794 quam
1165 734 1205 776 ea

186 824 353 892 quaerere,
382 822 463 885 quae
487 799 606 885 uulgus
629 798 820 884 contemnit,
847 820 902 863 eos
926 799 1012 864 uitae
1029 800 1206 886 terminos,

183 907 268 977 ¹quos
295 895 411 955 natura
442 887 665 974 praescripsit,
696 887 818 952 uirtute
848 889 1000 971 proferre.
1051 889 1139 973 quod
1166 893 1206 954 tu

187 985 282 1066 potes
310 983 343 1044 et
370 976 454 1042 uelle
483 977 593 1061 debes,
624 981 671 1061 11,
700 981 737 1040 ut
765 975 860 1060 uelis,
890 997 952 1062 ego
979 980 1013 1041 te
1041 977 1206 1042 amicitiae

187 1091 299 1133 caussa
321 1089 426 1152 nuper
452 1066 538 1131 inter
564 1087 624 1129 nos
653 1063 823 1130 institutae
850 1086 916 1130 non
944 1063 1049 1130 solum
1077 1088 1206 1151 moneo,

147 1179 174 1219 10
187 1179 301 1221 uerum
324 1157 422 1221 etiam
444 1176 533 1242 rogo.
574 1153 623 1217 De
646 1153 840 1238 migratione
858 1157 970 1218 nostra
987 1153 1081 1219 uideo
1106 1159 1141 1220 11
1166 1177 1207 1220 ex

187 1245 325 1309 aliorum
351 1243 471 1307 litteris
499 1241 697 1327 cognouisse.
743 1264 829 1308 nunc
856 1265 896 1307 ex
923 1241 1004 1307 111111
1030 1243 1094 1308 hoc
1120 1244 1206 1309 scito

186 1331 341 1416 amplius,
369 1352 442 1395 cum
464 1330 518 1394 hic
540 1329 842 1396 honestissimorum
859 1331 1028 1396 hominum
1052 1336 1085 1395 et
1108 1332 1207 1398 benc·

187 1420 332 1486 uolentia
354 1424 388 1484 et
411 1418 641 1484 consuetudine
664 1420 762 1505 fruar,
784 1441 843 1484 nec
866 1419 947 1484 mihi
970 1419 1151 1504 quidquam
1173 1422 1207 1487 in

187 1513 329 1575 mentem
352 1509 479 1574 uenerit
502 1512 615 1592 optare
634 1530 671 1573 ac
690 1513 811 1592 petere,
834 1509 920 1593 quod
943 1531 1107 1574 asumma
1122 1509 1206 1576 Pon-

148 1599 275 1664 11111111
307 1599 366 1663 Pio
399 1597 453 1664 IV.
485 1619 552 1662 non
582 1596 677 1662 facile
709 1597 771 1662 sim
803 1602 1006 1684 consecutus,
1043 1599 1122 1684 angi
1155 1621 1207 1664 me

187 1693 306 1771 tamen,
329 1688 416 1772 quod
439 1686 555 1752 studiis
572 1685 701 1770 nostris,
724 1708 861 1770 quorum
880 1708 961 1771 quae
984 1687 1028 1752 sit
1051 1687 1209 1772 suauitas,

188 1777 259 1862 ipse
288 1777 411 1860 optime
437 1775 539 1859 nosti,
567 1774 614 1839 ita
642 1774 790 1857 diuellar,
820 1779 857 1839 ut
884 1798 924 1840 ex
951 1775 1005 1861 iis,
1033 1796 1116 1860 quae
1146 1800 1208 1862 pro

188 1863 352 1930 communi
375 1863 464 1927 utilit
485 1867 517 1927 te
540 1885 606 1927 non
628 1885 732 1947 pauca
755 1886 842 1928 eram
865 1886 1011 1951 exorsus,
1034 1869 1209 1949 pertexere

188 1952 272 2017 nihil
303 1952 409 2018 111111.
455 1972 552 2036 quam
588 1952 759 2037 iacturam,
791 1953 929 2018 fortasse
961 1975 995 2018 re
1027 1953 1209 2040 minimam,

148 2045 313 2127 1111111111,
341 2045 379 2105 ut
409 2040 450 2104 ad
479 2040 635 2106 iuuandas
665 2042 768 2106 bonas
797 2046 883 2106 artes
913 2041 1012 2106 animi
1039 2042 1105 2107 mei
1134 2066 1209 2128 pro-

189 2130 303 2216 pensio
327 2133 388 2214 est,
415 2130 484 2194 fero
508 2128 743 2195 molestissime.
790 2128 945 2206 Quocirca
968 2130 1032 2196 tibi
1054 2131 1122 2196 iam
1145 2134 1211 2198 tui-

189 2243 252 2305 que
280 2219 456 2307 similibus,
486 2218 542 2304 qui
569 2218 649 2284 mihi
678 2219 846 2287 uoluntate
876 2240 970 2303 pares
998 2219 1147 2284 doctrina
1177 2226 1211 2286 et

189 2309 256 2374 otio
288 2311 468 2393 praestant,
505 2329 603 2393 cogor
634 2307 760 2372 tradere
793 2307 940 2394 uigiliam
971 2330 1077 2372 meam
1109 2309 1211 2395 idque
1293 2335 1294 2376 1

188 2397 272 2460 facio
313 2395 542 2480 libentissime,
583 2396 638 2480 qui
680 2395 805 2480 publici
846 2396 1005 2462 commodi
1046 2397 1211 2464 rationem

150 2483 295 2567 scipsum
322 2505 382 2567 per
408 2506 456 2566 se,
482 2505 549 2548 non
575 2506 649 2549 cum
675 2507 747 2550 11111
772 2485 867 2550 laude
890 2485 1108 2571 coniunctam,
1137 2488 1211 2572 plu·

187 2571 264 2635 rimi
288 2593 416 2655 semper
433 2571 572 2636 fecerim.
609 2573 681 2658 Ego
700 2573 772 2659 tibi,
795 2574 823 2638 si
845 2574 923 2660 quid
946 2596 1063 2659 operae
1085 2597 1211 2642 nauare

188 2680 335 2744 possum,
357 2658 391 2723 id
413 2663 520 2723 totum
542 2658 697 2744 polliceor
718 2684 756 2727 ac
778 2663 896 2728 defero.
941 2663 1081 2730 seruiam
1103 2665 1211 2732 liben-

190 2743 327 2832 tissime,
356 2752 514 2833 quantum
536 2749 571 2814 in
598 2771 649 2814 me
673 2750 747 2835 erit,
775 2752 937 2817 uoluntati
964 2753 1210 2839 commodisque

190 2836 266 2902 tuis.
301 2835 383 2902 Vale
407 2842 439 2902 et
457 2838 591 2904 Petrum
608 2838 811 2926 Miscouium,
832 2839 995 2907 Andream
1018 2841 1210 2929 Patricium,

150 2948 177 2989 1ο
191 2923 371 3011 singulares
393 2926 495 3012 uiros,
519 2927 638 3012 quibus
661 2929 797 2994 fortasse
820 2929 998 2996 excidimus
1020 2931 1210 2999 intermisso

190 3013 372 3079 litterarum
410 3015 530 3099 offici0,
566 3040 645 3103 rogo
678 3022 727 3105 te,
767 3018 849 3085 meis
885 3019 995 3084 uerbis
1032 3020 1211 3107 diligenter

191 3100 303 3167 saluta.
350 3103 472 3168 Romae
496 3104 664 3189 [MDLXII
687 3111 745 3172 aut
765 3106 959 3193 MDLXHI}

589 3358 802 3367 *υ-
