2578 3896
193 139 238 258 114
488 188 586 244 XXIV.
613 187 749 258 Dionysio
767 187 913 242 Lambino

194 353 280 418 enim
307 374 358 417 me
387 375 405 416 a
432 355 489 416 tua
515 350 711 415 liberalitate
741 350 848 414 omnia
876 345 1092 435 exspectare),
1124 349 1209 415 dabo

194 464 245 506 me
274 441 384 506 statim
416 441 451 505 in
482 440 569 504 uiam
601 442 634 502 et
667 461 703 503 ea
735 438 866 522 quidem
896 460 967 522 spe,
1000 442 1037 502 ut
1066 437 1208 522 aliquem

195 553 212 594 e
237 530 316 594 caeli
339 529 518 594 mutatione
541 529 682 592 fructum
710 526 848 612 capiam,
876 528 1053 592 maximum
1078 527 1209 611 quidem

195 641 235 682 ex
257 622 314 683 tua
336 617 551 700 humanitate,
584 638 681 698 quam
708 615 830 681 cantari
858 617 899 680 ab
928 615 1081 680 omnibus
1105 616 1208 680 audie.

166 706 288 794 ⁶Vale,
310 705 430 771 Asulae
455 703 635 790 [MDLVIL
658 726 766 769 mense
790 703 949 787 Octobri}

643 1269 757 1334 XXIV.

306 1430 495 1514 Dionysio
523 1428 708 1494 Lambino
736 1428 940 1495 Patauium
968 1439 1026 1509 (IV,
1042 1438 1097 1506 22).

282 1590 397 1675 Neque
429 1612 547 1676 negare
578 1590 726 1654 audeot
712 1589 788 1672 tibi,
825 1589 949 1654 homini
982 1589 1209 1690 eruditissima,

196 1681 286 1745 cuius
316 1702 376 1766 ego
408 1678 540 1762 plurimi
568 1700 695 1762 semper
725 1677 899 1743 amicitiam
929 1678 1004 1764 feci,
1033 1701 1153 1765 neque,
1183 1679 1209 1743 si

156 1804 182 1843 10
196 1769 363 1853 pollicear,
404 1769 567 1866 praestare
604 1766 727 1867 possim
763 1766 810 1852 id,
847 1767 934 1850 quod
970 1789 988 1830 a
1024 1789 1076 1831 me
1114 1769 1208 1851 petis.

195 1877 326 1941 premor
364 1856 449 1919 enim
486 1855 670 1919 domesticis
711 1819 864 1920 oneribus
901 1859 934 1919 et
969 1857 1208 1942 typographiae

196 1967 284 2031 cura,
317 1943 362 2008 sio
390 1943 584 2029 mehercule,
613 1943 669 2007 uix
697 1947 734 2008 ut
762 1944 946 2008 sustineam.
992 1965 1113 2009 uacuae
1142 1950 1208 2010 tan·

194 2036 266 2098 tum
300 2033 341 2096 ab
373 2054 469 2115 opere
497 2032 578 2096 mihi
607 2032 835 2115 relinquuntur
865 2033 963 2096 horae
995 2033 1207 2117 uespertinac.

196 2122 251 2208 sed
275 2143 312 2186 eo
335 2125 482 2204 tempore
510 2124 581 2184 tum
609 2120 805 2206 defatigatus
831 2120 999 2185 laboribus
1027 2143 1063 2186 ac
1087 2123 1209 2187 fractus

155 2243 180 2286 15
196 2211 338 2295 quietem
366 2232 484 2294 quaero
511 2209 731 2273 necessariam.
778 2212 849 2273 tum
871 2231 947 2274 uero
972 2210 1114 2274 succedit
1138 2234 1208 2276 ocu-

195 2301 301 2364 lorum
325 2299 416 2365 dolor
439 2299 531 2382 isque
554 2297 601 2361 ita
624 2297 742 2384 grauis,
764 2319 831 2362 non
849 2298 943 2362 modo
966 2301 1002 2363 ut
1020 2298 1129 2384 legere
1155 2303 1210 2364 aut

195 2387 418 2472 commentari,
449 2387 507 2451 sed
534 2408 593 2450 nec
624 2385 816 2450 domesticos
848 2387 957 2450 audire
990 2385 1059 2451 sine
1091 2411 1209 2475 magna

196 2474 344 2540 molestia
363 2475 492 2558 possim.
530 2474 577 2538 ita
594 2474 690 2538 nobis
709 2475 889 2539 traducitur
908 2475 975 2539 dies
994 2479 1091 2559 atque
1111 2478 1208 2542 etiam

195 2563 301 2628 noctis
323 2562 426 2626 maior
449 2584 533 2645 pars
578 2584 644 2626 non
672 2563 757 2627 enim
779 2563 871 2647 prius
899 2564 959 2627 hac
986 2564 1133 2629 leuamur
1163 2589 1208 2630 ca-

156 2684 183 2724 20
197 2650 277 2736 pitis
300 2649 482 2751 grauedine,
507 2671 602 2733 quam
626 2649 675 2714 sol
696 2651 801 2717 medio
825 2653 890 2716 iam
907 2651 975 2716 Ant
961 2652 1110 2737 tipodum
1129 2656 1209 2719 orbe

196 2741 328 2806 decurso
351 2739 467 2823 incipit
490 2739 530 2803 ad
547 2761 607 2804 nos
625 2760 786 2804 recurrere
806 2741 892 2805 etin
910 2745 998 2893 ortu
1002 2765 1060 2807 suo
1080 2742 1208 2808 demum

195 2829 282 2896 ualet
282 2829 412 2896 udinem
447 2828 528 2893 mihi
561 2826 707 2892 alaeritat
658 2831 823 2912 tatemque
855 2829 948 2894 restit
950 2831 1148 2913 urtquod
1184 2831 1208 2896 si

195 2920 353 3003 respirare
377 2916 549 3001 aliquando
572 2916 698 3001 licebit
671 2921 852 2981 ttaures
838 2853 984 2981 tibiUl
924 2940 1013 2982 meae
1036 2918 1211 3002 patebunt,

194 3029 260 3071 non
282 3007 317 3070 in
339 3007 435 3070 horas
457 3005 567 3090 mode,
590 2969 702 3070 sedni
725 3005 869 3092 integros
893 3007 991 3071 etiam
1014 3006 1089 3070 dies.
1130 3007 1209 3090 quid

153 3085 180 3161 ai
195 3094 281 3160 enim
303 3093 384 3156 1111111
405 3057 587 3180 iucundiub,
611 3093 688 3177 quid
712 3093 809 3158 etiam
832 3095 957 3181 utilius,
981 3117 1077 3178 quam
1100 3099 1208 3160 tecum

195 3184 297 3249 det
257 3182 312 3246 litt
298 3181 376 3246 teris
399 3204 494 3268 agere
517 3185 637 3265 tuaque
660 3183 798 3247 maxime
822 3186 960 3248 tractare
985 3183 1085 3266 script
1071 3184 1126 3246 at?
1170 3184 1208 3248 de

195 3272 314 3356 quibus
351 3270 428 3354 quid
465 3270 659 3353 existimem,
691 3271 839 3336 Muretus
870 3276 982 3336 noster
1016 3271 1111 3336 testis
1148 3277 1209 3337 est.

193 3384 281 3442 nam,
314 3381 386 3425 oum
418 3358 458 3423 ad
490 3381 541 3423 me
573 3363 701 3444 octauo,
739 3361 867 3444 opinor,
905 3360 1023 3425 abhinc
1056 3381 1138 3425 anno
1174 3362 1207 3425 111

193 3448 327 3514 Iudecae
347 3448 533 3513 suburbano
552 3448 763 3520 habitantem.
781 3449 930 3534 ignotum
949 3453 1043 3513 antea
1060 3448 1098 3512 de
1115 3449 1207 3534 facie,

171 3536 378 3602 ruoluntario
399 3537 554 3602 adductus
573 3537 679 3602 officio
698 3538 839 3623 adiisses,
858 3537 1092 3603 humanitatem
1111 3537 1208 3602 simul
