2578 3896
172 189 218 254 20
545 185 605 242 XII.
623 185 697 241 vido
716 185 817 241 Fabro.

174 350 236 414 hae
259 371 367 413 rerum
393 349 606 413 humanarum
629 347 815 412 taeterrima
844 347 982 434 caligine
1011 352 1043 411 et
1072 347 1109 412 in
1142 349 1199 412 illa

177 437 374 521 sempiterna
405 436 476 502 luce
508 437 683 502 collocatos
714 458 788 501 cum
818 436 876 501 illo
913 436 1009 500 bonis
1042 437 1200 502 omnibus

177 527 418 592 circumfluente
445 525 632 590 caelestium
655 525 836 590 animorum
864 528 958 589 coetu
985 525 1199 612 coniungant.

178 614 327 680 Aut't
265 615 311 702 igi
312 619 365 680 tur
383 615 464 681 mihi
481 613 591 679 nullus
609 613 659 678 tui
678 613 866 679 cohortandi
885 613 978 678 relict
964 618 1017 678 tus
1036 619 1086 678 est
1072 614 1199 680 tloeus
1263 635 1264 654 ³

153 708 236 775 aaut
264 703 358 769 hict
344 708 416 770 ttan
417 726 486 790 um,
516 707 552 767 ut
538 702 666 767 tuelis
699 725 768 766 esse
796 702 845 766 tui
875 724 972 786 quam
1001 702 1198 789 simillimus,

179 793 330 894 quodque
353 797 410 857 tuo
434 757 562 878 generi,
584 796 641 856 tuo
663 790 838 876 nomini,t
824 789 987 855 tibimet
978 791 1042 876 1psi
1064 792 1197 945 tuisque

178 881 310 946 debes
301 904 352 946 ms
352 881 441 946 ιιιιιι
432 904 474 966 rs,
501 880 535 945 id
558 880 719 945 cumulate
742 879 993 963 persoluendum
1021 879 1196 946 existimes

177 970 287 1036 Vnum
306 993 389 1054 exop
392 934 585 1054 tanrlum,t
548 991 594 1054 u,
614 991 671 1053 qur
662 968 807 1033 tibit
763 972 807 1033 ist
808 991 860 1033 am
878 973 1020 1033 mentem
1039 991 1114 1033 cum
1132 970 1196 1034 ista

178 1058 370 1124 auctoritate
393 1059 481 1123 dedit
503 1057 608 1145 (dedit
630 1062 739 1122 eutem
762 1057 907 1122 omnium
930 1062 1043 1122 auctor
1065 1058 1196 1122 laudan-

138 1178 165 1218 ιο
179 1149 291 1213 darum
313 1168 419 1212 rerum
447 1152 480 1211 et
507 1151 632 1211 creator
654 1142 772 1232 Deus),
800 1145 885 1210 idem
912 1146 993 1210 uelit
1022 1146 1196 1231 utriusque

179 1236 226 1300 rei
249 1236 391 1300 fructum
419 1257 487 1300 esse
515 1235 654 1299 maxime
682 1234 869 1299 diuturnum
898 1239 931 1298 et
958 1256 1097 1319 aequare
1122 1241 1196 1301 tuae

179 1323 266 1387 uitae
290 1323 432 1407 spatium
460 1345 533 1388 cum
556 1323 596 1388 iis
619 1322 724 1409 bonis,
749 1345 830 1407 quae
859 1324 893 1388 in
915 1327 948 1388 te
973 1345 1099 1388 summa
1123 1347 1197 1389 con·

179 1411 264 1476 tulit.
309 1413 453 1496 profecto
485 1411 567 1477 tales
594 1411 842 1498 gubernatores,
869 1416 936 1476 tam
959 1411 1096 1496 peritos,
1129 1418 1197 1478 tam

179 1500 362 1588 uigilantes,
386 1501 567 1566 Christiana
589 1500 704 1588 religio
723 1501 751 1566 si
769 1522 945 1585 numquam
967 1523 1034 1566 non
1051 1501 1197 1586 haberet,

132 1615 166 1658 ra
178 1613 357 1675 numquam
392 1591 468 1656 illae
505 1590 708 1656 exorirentur
743 1589 967 1654 dissidentium
1004 1589 1196 1674 opinionum
1265 1609 1266 1632 ³

178 1680 351 1745 horribiles
375 1680 548 1764 procellae,
577 1701 659 1763 quae
681 1678 800 1743 iactare
823 1678 936 1743 multis
960 1678 1079 1744 abhinc
1103 1679 1196 1746 annis

177 1768 239 1833 Pet
239 1769 267 1832 ri
290 1791 407 1832 nauem
430 1772 606 1851 coeperunt
633 1789 739 1851 neque
768 1766 844 1832 dum
868 1767 1043 1832 consistere
1065 1769 1197 1852 patiun-

178 1860 240 1921 tur.
280 1878 344 1940 quo
366 1856 496 1956 quidem
513 1855 593 1920 mibi
612 1855 695 1920 libet
713 1855 849 1920 ominari
873 1855 934 1920 de
935 1856 1071 1921 teidem
1091 1858 1197 1941 plene,

180 1944 282 2045 quod
300 1944 410 2029 cupio,
441 1945 491 2009 fut
477 1949 599 2028 t,urum
631 1949 668 2008 ut
703 1948 761 2028 opt
763 1944 836 2008 imis
868 1949 919 2009 art
905 1944 1007 2029 tibus,
1042 1946 1196 2029 quamdiu

135 2059 166 2099 ,eo
179 2032 551 2118 uixeris,praesidio's1s
570 2038 603 2097 et
622 2037 820 2116 ornament0,
836 2033 931 2098 uiues
949 2038 1066 2117 autem,
1087 2056 1196 2119 quam-

179 2121 234 2186 diu
257 2085 347 2187 uelt
333 2126 515 2206 ttemperan
516 2121 547 2186 ia
501 2121 645 2186 tduee
664 2122 792 2186 uelt
735 2126 792 2185 nat
793 2143 869 2186 urae
888 2123 960 2208 lege
980 2122 1066 2186 lieet.
1105 2123 1194 2188 Vale.

178 2211 334 2278 Venet''t11s.
357 2211 538 2277 MDXLIV.

580 2390 792 2398 --—-—————-

511 2505 516 2512 ·
649 2562 721 2628 XII.

399 2703 496 2770 Vido
520 2703 643 2769 Febro
666 2705 867 2771 Patauium
891 2715 923 2784 (I,
937 2716 972 2782 6).

140 2854 167 2897 a
269 2828 400 2913 Nescio,
428 2832 537 2894 utrum
564 2829 712 2894 fortunae
740 2851 958 2914 succenseam,
985 2830 1077 2895 euius
1100 2832 1195 2916 eulpa

180 2920 302 2983 factum
326 2917 378 3000 sit,
401 2921 438 2982 ut
461 2940 522 3004 ego
546 2922 618 2983 tuas
641 2919 766 2984 litteras
789 2919 916 2983 duobus
939 2919 1006 2982 fere
1028 2921 1195 2985 mensibus

179 3010 256 3091 post
275 3027 348 3070 eum
367 3005 460 3091 diem,
485 3027 549 3090 quo
568 3010 604 3070 ιιι
623 3007 806 3092 seripseraS,
823 3007 1011 3092 acceperim,
1028 3030 1070 3072 an
1093 3008 1195 3073 eidem

180 3093 302 3182 gratias
333 3095 483 3182 habeam,
517 3094 603 3179 quod
630 3096 710 3160 mihi
737 3095 879 3160 arculam
904 3096 1065 3180 quandam
1098 3098 1195 3182 scrip-

180 3189 287 3248 torum
319 3205 463 3248 meorum
497 3183 661 3250 euoluenti
693 3185 854 3270 planeque
891 3184 980 3249 aliud
1013 3185 1126 3271 agenti
1157 3186 1194 3251 de

141 3296 168 3336 ao
180 3272 359 3357 improuiso
382 3271 455 3336 illas
478 3272 642 3338 obtulerit.
670 3272 791 3359 gratias
813 3273 942 3338 habebo
966 3273 1086 3358 potius,
1110 3275 1195 3358 quod

183 3362 295 3427 eodem
318 3365 464 3446 tempore
492 3361 588 3425 simul
612 3383 684 3426 eum
712 3361 829 3427 iniuria
856 3362 1049 3427 beneficium
1076 3363 1194 3449 accepi,

182 3455 214 3513 et
237 3449 372 3515 iniuriae
395 3449 587 3515 beneficium
610 3450 764 3533 praeferri
789 3473 928 3534 aequum
950 3454 1007 3515 est.
1044 3450 1100 3516 sed
1120 3474 1195 3536 quo·

181 3536 269 3602 niam
292 3559 413 3625 uereor,
435 3561 476 3604 ne
499 3537 685 3605 tarditatem
708 3539 742 3604 in
765 3538 934 3604 scribendo
957 3559 1062 3603 meam
1085 3538 1193 3604 durius
