2578 3896
192 161 236 225 64
459 161 544 216 XXX.
564 160 657 216 Marco
677 161 798 216 Antonio
817 161 935 218 Mureto.

192 323 232 386 ad
246 322 360 388 Sebosi
373 321 525 408 Arriique
544 323 718 388 aduentum
737 323 985 410 ingemiscentis.
1013 323 1090 409 Hui,
1105 346 1204 389 unum

190 433 232 476 ne
246 409 413 495 Sebosum,
435 434 535 476 unum
558 413 663 476 habeo
677 411 830 476 Arrium?
858 411 1009 476 uidelicet
1027 418 1207 498 sexcentos

193 499 321 584 quibus·
335 501 433 565 uelim
455 501 557 565 nolim
575 501 673 564 horae
693 501 813 564 dandae
833 504 909 570 sunt
928 521 1046 565 omnes,
1080 523 1118 566 cx
1138 524 1203 586 quo

191 592 347 672 quantum
369 589 545 673 molestiae,
568 592 724 673 quantum
742 588 888 654 hauriam
906 590 1102 675 acerbitatis,
1124 591 1207 676 ipsc,

164 677 246 761 aqui
269 700 374 743 meam
397 677 661 742 consuetudinem
684 699 721 742 ac
738 699 827 741 meos
850 677 946 761 plane
970 700 1082 743 sensus
1105 683 1205 764 tenes,

189 766 283 844 facile
306 770 401 850 potes
430 766 594 831 coniicere.
639 788 714 830 nam
738 788 806 830 rem
828 766 1032 852 familiarem,
1063 768 1124 832 etsi
1148 768 1204 832 mi·

188 855 275 920 nime
294 855 433 940 abundo,
456 854 558 920 iacere
582 860 691 920 tamen
713 877 814 939 aequo
834 855 940 920 animo
959 856 1079 940 patior;
1098 857 1205 922 studia

189 965 266 1009 uero
295 967 368 1009 mea
393 944 558 1031 negligere
581 944 671 1009 nullo
694 944 789 1008 modo
813 965 952 1028 possum.
998 944 1047 1008 De
1070 949 1129 1010 tuo
1154 945 1205 1008 ad-

189 1037 290 1098 uentu
304 1056 395 1118 spem
413 1033 601 1098 nonnullam
615 1032 776 1098 inieceras.
810 1053 879 1096 eam
897 1054 1008 1097 rursus
1026 1037 1204 1098 extenuant

150 1141 175 1182 10
190 1125 372 1204 postremae
395 1125 470 1186 tuae
493 1121 629 1186 litterae.
668 1143 728 1208 ego
751 1120 833 1185 illud
851 1120 974 1186 scilicet
996 1122 1150 1209 primum,
1168 1127 1204 1186 ut

188 1209 309 1273 habeas
336 1210 494 1273 rationem
522 1209 729 1292 ualetudinis,
759 1210 897 1274 secundo
924 1209 1008 1294 loco,
1037 1211 1125 1295 quod
1147 1215 1203 1276 tuo

135 1373 138 1382 ,
189 1297 355 1360 commodo
385 1297 455 1361 fieri
485 1297 601 1383 possit,
630 1300 667 1363 ut
699 1301 733 1362 tc
760 1298 857 1362 nobis
879 1298 1044 1385 restituae,
1073 1304 1203 1383 exopto.

189 1382 273 1460 Quid
289 1384 431 1450 Molinus
450 1387 581 1450 noster?
614 1386 692 1470 quid
710 1386 801 1472 agit?
838 1385 915 1471 quid
934 1391 1041 1451 autem
1060 1410 1124 1474 ego
1144 1389 1203 1452 hoc

188 1475 329 1557 quaero?
364 1474 518 1539 nimirum
546 1474 601 1538 ille
629 1479 717 1540 totos
739 1475 807 1538 dies
829 1479 952 1559 tecum,
975 1475 1058 1540 idest
1081 1476 1118 1541 in
1141 1478 1202 1541 uir·

148 1566 257 1627 utute
280 1567 369 1629 totus
389 1566 438 1628 est
456 1584 515 1629 nec
533 1568 623 1628 tuam
646 1563 835 1647 complexus
854 1563 1032 1628 doctrinam
1055 1564 1202 1651 dimittit,

187 1651 305 1716 iudicio
329 1653 484 1717 adductus
508 1674 579 1737 suo,
606 1673 678 1717 meo
702 1651 836 1716 consilio
860 1653 1074 1718 confirmatus
1111 1653 1202 1719 Vale.

275 1740 364 1805 Haec
395 1744 470 1804 ante
499 1739 604 1804 lucem
645 1741 766 1804 cubans
798 1741 833 1804 in
864 1741 982 1806 lectulo
1015 1741 1202 1808 amanuensi

186 1849 259 1892 meo
287 1831 320 1892 et
347 1827 412 1892 iam
438 1848 584 1893 meorum
612 1828 791 1893 studiorum
815 1828 901 1894 socio
932 1829 1065 1915 dictaui,
1095 1831 1201 1918 nobili

187 1915 383 1980 adulescenti
407 1915 537 2001 Cyprio,
560 1917 692 1982 Herculi
714 1917 946 2004 Podocatharo,
970 1918 1025 2003 qui
1049 1941 1121 1984 cras
1145 1920 1201 1985 Pa-

147 2025 173 2067 ro
187 2003 311 2069 tauium
330 2004 452 2090 cogitat
475 2009 571 2090 teque
590 2028 662 2071 meo
680 2006 809 2071 nomine
834 2006 996 2071 salutabit.
1032 2007 1090 2071 illa
1109 2030 1203 2094 supe-

187 2092 273 2158 riora
295 2093 445 2158 familiari
472 2117 558 2180 meo,
586 2093 775 2160 Sebastiano
798 2095 913 2182 Leoni,
936 2095 1135 2162 dictaueram
1159 2099 1202 2162 in·
1231 2177 1234 2186 ,
1271 2129 1272 2150 2

186 2183 369 2270 ambulans,
401 2183 487 2268 quod
514 2205 601 2248 eram
632 2184 742 2268 paullo
776 2184 903 2250 crudior
938 2205 997 2248 nec
1029 2185 1097 2250 fere
1131 2207 1202 2251 mea

185 2295 282 2338 manu
304 2272 446 2338 libenter
472 2272 520 2337 uti
544 2273 640 2338 soleo.
687 2272 810 2357 [Mense
833 2271 982 2359 Augusto
1005 2272 1202 2358 MDLVIHJ

642 2695 742 2760 XXX.

113 2847 115 2850 ’
144 2857 169 2899 ss
265 2834 392 2901 Marco
415 2834 586 2903 Antonio
608 2836 758 2903 Mureto
781 2837 983 2906 Patauium
1006 2847 1070 2924 (111,
1085 2849 1123 2917 6).

273 2976 322 3040 Tu
345 2977 428 3062 uide,
451 2978 503 3042 cui
526 2979 717 3044 committas.
759 3001 819 3066 ego
843 2980 928 3045 enim
952 2980 1046 3045 binas
1069 2983 1201 3048 tantum

184 3064 302 3147 accepi.
348 3065 513 3148 prioribus
545 3068 697 3151 respondi
727 3069 845 3134 nudius
879 3069 996 3134 tertius
1027 3090 1200 3156 meamque

183 3152 246 3218 tibi
274 3153 313 3216 de
339 3152 536 3220 Bononiensi
563 3178 598 3219 re
628 3178 694 3220 non
720 3158 816 3222 modo
846 3157 1051 3244 sententiam,
1083 3180 1200 3225 uerum

183 3241 281 3307 etiam
304 3242 505 3308 uoluntatem
528 3245 662 3310 ostendi.
707 3245 758 3312 his
782 3246 901 3333 alteria,
925 3268 1006 3332 quae
1028 3246 1111 3312 mihi
1130 3249 1200 3312 red·

142 3351 170 3393 so
183 3330 269 3396 ditae
293 3335 368 3396 sunt
386 3331 457 3396 heri
476 3333 617 3417 uesperi,
644 3333 672 3399 si
690 3356 758 3400 rem
777 3340 902 3424 specto,
921 3335 1096 3402 rescribere
1114 3335 1200 3402 nihil

275 3529 289 3576 1
311 3523 423 3581 ‘Sebosi
440 3524 581 3595 Arriique'
603 3525 659 3584 Cic.
679 3526 716 3582 ad
734 3527 820 3583 Attio.
834 3527 869 3598 11,
886 3534 927 3585 15.
