2578 3896
428 192 474 248 XI.
493 194 628 250 Rainutio
646 193 791 254 Famesio.

586 409 641 474 XI.

118 547 313 614 Rainutio
342 547 529 614 Farnesio
560 549 756 617 Cardinali
787 557 915 619 creato
943 555 1097 622 Romam

563 661 603 736 [1,
620 663 657 734 1].

195 795 278 873 Quis
299 795 405 860 uirtus
428 799 478 860 est
500 795 572 880 ipse
594 819 710 882 perse
738 801 888 866 amabilis
911 805 944 866 et
968 803 1044 887 quia
1065 826 1120 870 no-

94 884 228 951 bilitati
256 885 361 950 honor
388 887 421 948 et
449 883 657 951 obseruantia
685 887 834 975 debetur,
863 891 969 957 emaui
997 895 1030 956 te
1056 891 1121 958 iem
1148 917 1161 957 s

95 974 178 1039 inde
203 996 222 1038 a
245 977 302 1039 tue
324 972 464 1057 pueritia
492 974 599 1039 studio
628 975 762 1042 uirtutis
785 977 951 1044 incensum
980 985 1013 1044 et
1035 981 1120 1047 colui

93 1061 283 1128 clarissimo
317 1083 435 1148 genere
468 1067 589 1148 ortum,
619 1064 714 1130 Pauli
740 1064 797 1131 ΠΙ.
820 1066 989 1134 Pontificis
1021 1090 1120 1154 nepo·

93 1157 176 1216 tem.
222 1151 288 1216 iem
314 1154 386 1216 tum
409 1150 559 1234 equidem
582 1153 650 1217 uidi
673 1155 884 1241 praedixique
907 1157 1033 1245 multis,
1063 1159 1120 1243 qui

93 1243 231 1306 tutemus
254 1260 350 1305 esses.
396 1243 429 1303 et
451 1261 537 1305 nunc
560 1242 746 1325 opinionem
768 1246 1004 1332 auguriumque
1028 1247 1067 1312 de
1086 1251 1119 1312 te

93 1351 209 1394 meum
232 1328 323 1394 exitu
345 1327 507 1412 probante
530 1329 662 1415 utrique
687 1338 836 1399 nostrum
858 1335 1017 1421 gratulm:
1045 1336 1159 1423 tibi,1o

94 1418 151 1483 cui
175 1416 366 1482 tribuuntur
389 1438 435 1503 ea,
458 1439 540 1501 quae
559 1440 686 1504 semper
707 1421 849 1487 illustria
870 1424 1011 1508 fuenmt,
1032 1446 1118 1490 nune

96 1529 138 1570 eo
158 1506 271 1592 maffl's,
289 1505 376 1590 quod
398 1527 418 1569 a
434 1505 537 1571 Paulo
550 1505 607 1572 HI.
625 1508 783 1574 Pontifice
801 1510 1005 1598 tribuuntur3
1028 1513 1119 1600 mihi,

98 1594 159 1679 qui
192 1593 230 1658 de
260 1599 316 1660 tue
342 1593 454 1659 futura
480 1595 652 1683 dignitate,
678 1597 782 1662 fretus
811 1598 933 1686 indole,
961 1600 1117 1687 moribus,
1182 1607 1184 1610 ’

96 1681 233 1770 ingenio
250 1689 317 1768 tuo,
340 1683 526 1750 adolescens
544 1707 620 1750 uere
639 1685 839 1752 coniecerim.
877 1687 1055 1754 Cardinalis
1075 1711 1117 1754 es.

97 1771 248 1856 optabile
276 1777 309 1837 ct
335 1772 563 1839 honorificum:
591 1774 647 1840 sed
676 1775 782 1841 estin
807 1776 872 1842 isto
895 1778 1018 1843 honore
1040 1800 1117 1863 pon·
1133 1800 1157 1842 rs

98 1861 160 1926 dus
191 1865 223 1925 et
249 1861 352 1926 labor.
379 1861 516 1926 'cedunt
545 1862 580 1928 in
610 1886 694 1949 eam,
725 1887 823 1949 quem
852 1888 939 1932 nunc
969 1867 1118 1954 sustineo,

100 1972 275 2034 personam
298 1949 437 2014 uirtutes
460 1972 571 2016 omnes
594 1956 694 2037 etque
716 1954 763 2018 ita
786 1954 914 2042 cadunt,
937 1961 987 2043 ut,
1011 1956 1038 2021 si
1062 1957 1116 2022 ab·

98 2039 178 2125 sint,
206 2039 248 2123 is,
278 2037 335 2122 qui
360 2039 466 2104 honor
496 2045 558 2126 est,
589 2041 694 2106 honor
723 2065 792 2108 esse
823 2044 962 2130 desinat,
991 2045 1046 2109 uel
1075 2045 1118 2110 sit

99 2127 199 2192 etiam
223 2149 348 2192 summe
366 2127 563 2194 deformitas.
600 2129 702 2195 Curae
721 2136 830 2197 eutem
853 2136 886 2197 et
904 2133 1119 2219 cogitationes

99 2216 174 2280 illae
197 2221 273 2281 sunt
295 2216 488 2303 praeclarae,
510 2217 595 2302 illae,
616 2218 761 2305 Rainuti‚
783 2223 816 2283 te
835 2219 951 2305 dignae
974 2224 1117 2284 aeterna-
1130 2244 1157 2284 eo

100 2326 162 2389 que
195 2326 269 2370 cum
301 2304 405 2391 gloria
437 2305 640 2392 coniunctae,
671 2308 827 2392 pietatem
863 2307 1035 2392 praecipue
1067 2330 1117 2373 co·

99 2394 179 2480 lere3
202 2393 362 2458 excubare
380 2393 488 2460 animo
508 2418 568 2479 pro
587 2395 692 2460 salute
715 2417 752 2459 ae
770 2394 929 2482 dignitate
943 2395 1117 2483 Ecclesiae,

101 2481 347 2547 beneficentiam
383 2482 452 2547 sine
489 2505 545 2568 spe
584 2484 802 2568 praemiorum
838 2505 1002 2570 exercere,
1033 2485 1118 2551 nihil

101 2569 231 2636 omnino
261 2571 379 2656 facere,
411 2570 495 2635 nihil
525 2572 681 2659 cogitare,
713 2573 748 2638 in
777 2595 842 2657 quo
876 2574 988 2640 statim
1020 2575 1117 2640 decus

100 2681 166 2724 non
188 2659 320 2724 eluceat.
365 2681 455 2746 nam,
480 2660 539 2724 ubi
566 2661 676 2746 paullo
704 2662 833 2727 uidetur
856 2661 1038 2749 obscurius,
1067 2663 1115 2728 ibi
1129 2685 1156 2726 sc

101 2747 179 2812 eatis
202 2751 328 2812 constat
351 2748 588 2832 turpitudinem
616 2750 730 2815 inesse.
777 2771 859 2835 quae
885 2752 1030 2835 profecto
1054 2752 1117 2816 tibi

102 2837 137 2900 in
162 2840 303 2901 mentem
334 2837 444 2902 uenire
479 2841 576 2922 atque
609 2840 651 2903 ob
684 2839 796 2904 oeulos
828 2839 954 2904 assidue
987 2840 1118 2925 uersari,

102 2946 174 2990 cum
196 2924 231 2989 in
253 2923 306 2989 aui
328 2925 378 2989 tui
402 2947 561 2991 summam
583 2926 721 3013 gloriam
743 2926 888 3010 intueris,
905 2949 1036 2992 necesse
1059 2933 1117 2993 est.

102 3017 135 3077 et
157 3013 287 3078 omnino
307 3013 418 3080 datum
440 3015 502 3080 hoc
524 3020 634 3082 uestro
658 3015 770 3102 generi
799 3014 955 3081 diuinitus
978 3015 1117 3102 uidetur,

103 3101 195 3167 uobis
227 3103 436 3168 nascentibus
467 3104 604 3169 heroum
639 3127 793 3170 numerus
826 3109 863 3170 ut
895 3110 1052 3192 augeatur
1085 3110 1118 3169 et
1132 3128 1158 3168 eo

107 3189 196 3274 quasi
219 3191 324 3257 maius
347 3191 458 3256 lumen
481 3192 519 3257 de
543 3193 677 3259 sublimi
701 3193 840 3278 quadam
857 3195 989 3278 specula
1012 3215 1118 3258 erren-

105 3279 191 3344 tibue
214 3279 361 3346 honestis
385 3279 565 3365 disciplinis
588 3282 675 3348 uiam
703 3285 736 3346 et
757 3282 937 3366 hospitium
961 3280 1118 3347 ostendet.

107 3390 179 3456 ergo
207 3368 290 3434 alter
318 3369 411 3434 alteri
441 3370 625 3455 exemplum
653 3371 732 3436 estis
764 3371 804 3435 ad
836 3371 920 3435 bene
949 3367 1118 3455 egendum,

107 3456 271 3522 uobiscum
301 3457 397 3522 simul
427 3462 461 3522 et
494 3459 643 3524 oriuntur
672 3459 812 3524 uirtutes
841 3463 875 3522 et
907 3478 980 3521 cum
1012 3461 1117 3522 aetate

105 3552 262 3631 crescunt,
293 3546 394 3612 donec
416 3547 504 3612 uitae
532 3569 665 3614 munere
693 3547 880 3631 peffunetos
909 3545 1046 3610 educent
1076 3565 1137 3610 exc

864 3648 901 3701 2*
