2610 3890
437 158 532 214 LXIII.
556 159 656 215 Ioanni
675 160 797 224 Oratoni
1059 163 1124 229 131

561 389 673 456 LXIII.

276 531 413 596 Ioanni
437 531 595 597 Oratoni
627 532 816 599 Viennam
840 544 902 619 (IX,
917 545 955 611 4).

98 723 99 728 1
195 674 241 739 nt
264 673 366 738 serius
389 675 538 760 fortasse,
563 697 659 759 quam
683 680 720 740 tu
743 677 969 763 exspectabas,
997 682 1030 741 et
1054 677 1126 742 bre-

101 765 181 829 uius
213 762 358 849 omnino,
390 783 487 847 quam
523 767 659 848 uterque
690 768 839 829 nostrum
874 765 987 851 uellet,
1020 766 1060 830 ad
1091 770 1124 830 te

102 852 224 918 scribo.
269 850 303 916 id
330 851 446 916 eccidit
474 851 670 916 ualetudinis
701 852 919 940 incommodo,
949 875 1016 919 non
1043 854 1125 918 obli·
1151 877 1165 918 1

102 941 204 1006 1110110
227 940 286 1026 tui,
309 940 349 1004 ad
373 957 468 1024 quem
491 939 635 1024 quotidie
654 946 795 1006 mentem
813 943 917 1007 refero
942 947 974 1007 et
993 965 1030 1006 ea
1049 965 1124 1008 sane

102 1030 291 1115 uoluptate,
307 1049 382 1129 ⁸qua
404 1027 507 1093 maior
531 1049 599 1094 esse
622 1029 712 1093 nulla
738 1029 851 1114 possit.
898 1031 1035 1115 quodsi
1058 1053 1126 1096 cor-

103 1118 245 1204 poribus
262 1117 361 1182 ammi
379 1117 592 1204 mederemur,
610 1118 704 1183 facile
719 1123 846 1184 sanaret
864 1119 951 1184 hunc
964 1121 1125 1207 morbum,

99 1229 173 1293 ·quo
193 1205 361 1290 quinctum
379 1205 444 1270 iam
462 1229 606 1272 mensem
623 1207 746 1294 laboro,
768 1207 1000 1274 iucundissima
1022 1231 1126 1274 recor-

103 1295 195 1360 datio
219 1294 431 1360 humanitatis
449 1299 482 1360 et
500 1296 746 1361 beneuolentiae
765 1319 842 1384 erga
865 1320 916 1362 me
934 1301 1018 1362 tuae.
1050 1299 1124 1362 alle-
1139 1321 1165 1362 10

102 1385 177 1450 uari
200 1386 310 1448 tamen
332 1383 453 1470 uideor,
475 1383 552 1448 dum
571 1385 609 1448 de
632 1388 666 1448 te
689 1385 812 1472 cogito,
839 1389 1009 1470 tecumque
1033 1387 1125 1471 quasi

101 1474 234 1558 loquor.
279 1472 400 1537 calores
423 1477 576 1557 exspecto
600 1472 779 1536 ualetudini
802 1496 891 1537 meae
915 1496 1041 1558 semper
1063 1475 1125 1539 uti·

104 1562 163 1627 100.
213 1583 288 1626 nam
320 1561 424 1625 hiems
460 1565 493 1626 et
520 1559 607 1625 ueris
639 1561 856 1626 inconstantia
888 1583 961 1626 cum
992 1562 1125 1626 hiemali

106 1673 213 1736 prope
235 1649 356 1737 frigore
378 1649 462 1713 male
480 1671 532 1713 me
555 1650 763 1714 uehementer
781 1649 906 1714 habuit.
944 1649 978 1715 si
997 1649 1124 1734 ualeb0,

106 1743 262 1825 exspecta
285 1738 457 1823 epistolam
481 1739 563 1802 bene
586 1738 727 1824 longam,
750 1738 881 1803 interim
904 1761 975 1803 ama
998 1761 1063 1824 me,
1086 1743 1166 1804 11111

105 1829 196 1894 facis.
243 1825 323 1892 Vale
346 1827 469 1892 Romae
491 1827 563 1891 Kal.
587 1827 665 1892 Maii
689 1826 852 1892 MDLXX.

197 1916 402 1982 Laborabam
426 1915 550 2002 eodem,
578 1938 642 2003 quo
666 1921 773 2003 antea,
799 1917 914 1982 morbo
938 1915 1126 2001 etquidem

106 2006 276 2091 aliquanto
304 2005 402 2070 etiam
425 2005 566 2092 grauius.
611 2005 658 2070 ite
680 2005 741 2070 Dei
769 2006 921 2071 uoluntas
948 2007 1020 2071 fert.
1065 2027 1125 2071 nec

106 2097 188 2162 satis
221 2099 347 2160 constat
377 2095 463 2159 inter
494 2093 648 2179 medicos,
682 2094 738 2178 qui
770 2095 813 2159 sit
845 2094 951 2159 exitus
987 2095 1125 2160 futurus.

107 2206 200 2249 meus
223 2183 362 2269 animus,
389 2188 426 2247 ut
450 2183 588 2270 ingenue
616 2182 679 2247 tibi
702 2183 818 2267 fatear,
845 2183 974 2246 aberrat
997 2204 1017 2246 a
1039 2181 1125 2246 bona
1139 2205 1167 2245 10

107 2295 181 2358 spe,
206 2272 328 2356 quippe
352 2276 458 2337 aetate
481 2272 735 2360 ingrauescente,
757 2270 942 2335 ualetudine
965 2269 1126 2353 perimbe-

108 2362 193 2446 cilla,
206 2360 321 2425 morbo
336 2360 550 2444 plurimorum
568 2359 736 2424 mensium.
773 2358 817 2423 Te
837 2381 916 2445 rogo
935 2381 995 2443 pro
1013 2362 1126 2423 nostra

106 2449 355 2535 necessitudine,
379 2449 406 2514 si
430 2435 508 2533 quid
530 2449 611 2513 mihi
630 2447 781 2513 acciderit
803 2447 999 2531 humanitus,
1021 2447 1127 2512 filium

107 2561 218 2604 meum
241 2536 373 2622 Aldum,
405 2538 460 2623 qui
482 2537 567 2601 uiuit
589 2535 749 2620 Venetiis‚
777 2536 843 2601 tuis
867 2536 983 2602 officiis
1006 2540 1125 2621 tuaque

108 2627 312 2692 humanitate
341 2625 573 2711 complectaris.
623 2625 696 2713 Ego
726 2625 753 2690 si
784 2623 905 2691 diutius
933 2625 1002 2691 uita
1029 2623 1126 2711 fruar,
1140 2648 1167 2688 aa

102 2716 249 2799 nullum,
276 2715 357 2780 mihi
385 2715 491 2801 crede,
519 2737 596 2802 erga
618 2713 865 2779 teamicissimi
893 2719 991 2798 atque
1020 2715 1127 2778 obser-

108 2804 294 2870 uantissimi
316 2803 457 2869 hominis
476 2803 619 2869 officium
641 2802 906 2887 praetermittam.
943 2801 1032 2865 Haec
1051 2823 1128 2884 quo-

108 2916 173 2979 que
198 2893 302 2958 aliena
324 2914 434 2978 mann,
455 2915 532 2958 nam
554 2913 643 2956 meae
666 2891 734 2955 uim
752 2889 883 2975 penitus
906 2889 1026 2954 ademit
1044 2910 1127 2952 mor-

109 2984 182 3048 bus.
229 2982 311 3067 uide,
332 2981 388 3068 qui
412 2982 482 3068 sim,
505 2981 550 3046 mi
574 2980 678 3045 Orate.
720 2977 801 3044 Vale
821 2983 853 3043 et
871 2978 1008 3063 posthac
1021 2976 1127 3043 Vene-

110 3071 184 3157 tias,
199 3077 263 3155 quo
277 3093 329 3135 me
348 3070 441 3135 breui
456 3071 601 3136 conferre
620 3068 739 3156 cogito,
753 3069 794 3132 ad
808 3071 968 3133 oratorem
982 3070 1127 3132 uestmm
1140 3087 1169 3129 eo

110 3159 240 3225 litteras
271 3159 392 3225 mittes.
437 3160 465 3225 is
497 3158 578 3224 mihi
610 3179 664 3224 eas
700 3157 877 3223 reddendas
910 3156 1044 3221 curabit.
1095 3159 1128 3218 et

112 3269 310 3333 quamquam
332 3245 403 3313 fieri
430 3250 553 3332 potest,
576 3251 614 3312 ut
640 3247 714 3311 inde
737 3268 788 3310 me
811 3245 983 3310 Patauium
1006 3243 1128 3308 ualetu-

114 3336 198 3402 dinis
221 3337 379 3402 curandae
402 3337 507 3424 gratia
530 3336 701 3422 conferam,
724 3340 833 3399 tamen
857 3332 1021 3397 discedens
1038 3345 1130 3396 men-

115 3425 198 3491 dabo
221 3427 311 3510 meis,
334 3431 371 3492 ut
394 3425 520 3491 litteras
543 3423 623 3489 mihi
646 3427 720 3488 tuas
744 3445 781 3488 eo
804 3421 946 3486 mittant.

882 3617 917 3671 92¹
