2578 3896
343 202 443 259 XVIII.
472 202 517 258 Ad
534 201 683 258 Allonaum
702 199 839 260 Carafam.
1056 202 1100 268 39

77 364 284 430 obsoleuisse
307 363 372 428 iam
395 368 427 429 et
451 364 627 430 extinctam
645 386 748 449 paene
766 368 870 430 totam
889 387 966 430 esse.
1000 389 1098 450 quam

80 451 173 517 enim
193 453 289 518 hodie
311 453 490 539 nationem,
516 458 554 518 ut
582 475 692 518 omnes
720 453 826 518 animo
850 453 1099 541 perlustrantur,

79 541 200 604 Latina
231 541 343 626 loqui?
385 542 472 626 quod
502 564 580 608 uero
613 565 653 606 ex
686 564 723 607 ιι
755 542 897 643 supersit
882 542 963 607 tin
994 543 1098 629 libris,

82 629 256 696 minimum
278 630 312 694 id
335 653 413 715 esse,
436 635 601 714 tamquam
624 630 786 715 aliquod
776 653 871 694 mane
894 597 1101 698 simulacrum

78 719 230 802 corporis
254 718 419 784 exanimis
457 719 611 820 quocirca
624 741 729 803 neque
753 719 827 784 seiri
851 719 1002 806 perfecta
1026 743 1099 786 cum
1126 741 1139 782 a

78 805 235 892 exiguam
262 811 389 892 partem
418 807 496 872 libri
527 807 726 894 contineant,
756 829 861 893 neque
894 809 1099 892 pronuntiari

79 895 242 982 decenter,
266 917 338 960 cum
362 896 518 961 sermonis
540 919 619 961 usus
642 896 818 982 euanuerit,
795 896 975 961 tanobis
994 919 1098 981 posse

78 948 242 1049 Secundo
252 984 378 1050 loeost
364 988 509 1050 ιιιιιιιιιιι
535 989 574 1049 ut
597 984 745 1050 absolute
769 949 908 1072 percipi,
937 986 1023 1070 quod
1045 1009 1099 1052 ne·

78 1075 177 1158 gant,
207 1073 324 1138 Latina
355 1073 468 1160 lingua
499 1073 617 1160 possIt,
649 1073 759 1139 mirari
792 1095 826 1138 se
859 1078 968 1139 tamen
1000 1075 1099 1142 etiam

77 1163 182 1244 atque
205 1161 315 1248 etiam,
343 1184 400 1227 cur
423 1162 615 1228 industriam
641 1162 676 1228 in
699 1185 736 1229 ea
763 1162 912 1228 discenda
935 1167 1003 1230 tam
1026 1163 1093 1228 diu·
1108 1186 1136 1228 ιι

77 1253 212 1314 tunam
235 1273 402 1334 ponamus.
447 1250 529 1316 uitio
554 1251 683 1335 quidem
710 1251 744 1316 id
766 1251 836 1316 fieri
859 1252 1039 1318 uoluntatis
1063 1257 1096 1318 et

77 1337 201 1404 iudicii.
239 1339 431 1425 dignitatem
454 1339 488 1404 in
511 1361 545 1405 re
569 1344 693 1405 tantam
714 1362 782 1405 non
804 1362 882 1427 esse,
904 1345 942 1406 ut
964 1342 1097 1408 haerere

78 1449 141 1512 per
168 1431 219 1492 tot
246 1450 347 1493 annos
374 1428 408 1492 ιιι
437 1429 499 1493 hoc
527 1428 635 1493 studio
664 1428 845 1493 debeamus
893 1427 1096 1495 Concludunt

76 1519 260 1599 postremo:
288 1517 393 1581 utde
417 1517 560 1600 perfecta
583 1516 781 1602 cognitione,
810 1517 848 1581 de
876 1516 982 1603 dignit
983 1522 1035 1582 ιιι
1059 1540 1096 1584 ιι

77 1605 258 1688 praestant
249 1627 281 1668 ia
235 1605 496 1671 tturconceda
495 1609 636 1692 ,tamen
655 1627 733 1690 esse,
756 1568 829 1670 oiim
853 1627 890 1668 ea
908 1604 1002 1706 pulsa
1026 1626 1135 1688 suc-15

75 1691 214 1757 cesserit
200 1692 321 1780 talia,
358 1694 489 1759 mInime
518 1693 738 1759 necessariam
793 1693 949 1760 haect
907 1697 949 1758 ιιι
950 1693 974 1778 i,
1013 1717 1095 1778 quae

76 1781 188 1866 specie
212 1747 334 1867 aliquid
355 1783 520 1848 uidentur:
469 1805 611 1869 urego
641 1805 675 1847 re
698 1781 781 1848 nihil
809 1804 891 1869 esse,
914 1783 942 1847 si
966 1782 1094 1868 quando

75 1892 130 1934 me
164 1875 333 1954 praesente
364 1871 517 1973 disputan
475 1875 583 1958 antur,
615 1871 762 1937 concedo.
819 1835 978 1937 Conuenit
1010 1873 1097 1938 inter

74 1981 138 2023 nos
163 1979 232 2024 esse
255 1959 409 2044 aliquid
400 1983 435 2025 m
453 1924 604 2026 omnibds
622 1960 833 2025 facultatibus
852 1964 949 2046 atque
968 1961 1096 2026 artibus

75 2051 268 2114 extremum
311 2070 375 2133 quo
397 2053 473 2114 nost
474 2052 562 2114 rat
459 2049 638 2114 tstudia
661 2067 735 2114 cum
757 2050 978 2136 peruenerint,
1006 2051 1094 2134 quie-
1108 2070 1137 2110 ιο

74 2135 241 2201 scendum
274 2137 331 2202 sed
353 2138 414 2202 hoc
433 2142 614 2203 extremum
633 2138 752 2222 quibus
766 2137 914 2202 terminis
932 2138 1094 2224 metimur,

77 2224 125 2288 rei
149 2247 190 2288 ne
212 2229 341 2312 natura,
372 2249 414 2292 an
436 2227 528 2313 uulgi
551 2226 726 2310 opinione?
764 2225 792 2290 si
815 2225 967 2309 opinione
990 2225 1093 2311 uulgi,

75 2312 156 2378 licet
141 2315 415 2398 tpropemodum
437 2314 541 2381 otiose
563 2315 686 2379 uiuere:
717 2313 903 2415 mediocria,
931 2335 1012 2397 quae
1035 2336 1094 2397 pu·

77 2405 192 2469 tantur
214 2403 378 2490 excellere,
402 2426 600 2488 quaeramus
636 2403 739 2466 idt
689 2406 739 2467 sat
740 2402 768 2467 is
787 2406 844 2467 est.
822 2401 937 2466 tilla
961 2425 1095 2490 summa,

75 2490 137 2555 ubi
170 2512 332 2557 summum
367 2428 464 2558 decus
500 2492 641 2577 habitat,
679 2512 760 2576 quae
796 2491 916 2578 uulgus
953 2491 1092 2579 ignorat,
1107 2510 1135 2552 aa

76 2579 275 2645 omittamus.
322 2581 372 2646 sin
402 2585 583 2646 extremum
614 2579 695 2646 illud
727 2602 796 2646 esse
825 2580 989 2667 uolumus,
1027 2604 1091 2666 quo

77 2673 273 2750 peruentum
296 2691 370 2736 eum
393 2674 452 2756 est,
474 2669 627 2756 progredi
645 2668 776 2756 longius
793 2692 860 2734 non
878 2669 963 2756 lieet,
985 2670 1092 2734 mode

76 2761 150 2820 rata
186 2757 292 2822 studia
327 2780 394 2824 non
430 2759 507 2822 dant
493 2762 555 2823 t.ur
604 2759 728 2842 perfect
730 2780 781 2822 am
819 2757 903 2822 enim
940 2757 1094 2823 scientiae

77 2844 207 2909 laudem
238 2847 374 2931 adipisci
405 2847 539 2912 maximi
567 2846 674 2930 operis
702 2850 759 2911 est
806 2845 915 2930 itaque
947 2846 1009 2911 hoc
1041 2868 1093 2910 ex-

77 2938 232 3019 tremum,
268 2936 367 3020 quod,
405 2935 534 3022 opinor,
565 2935 692 3001 Natura
723 2934 816 2999 nouit
848 2956 925 3019 una,
961 2935 1091 3019 sapiens
1105 2957 1134 2998 eo

78 3044 173 3086 nemo
201 3045 354 3108 umquam
382 3046 416 3089 se
444 3023 574 3108 putauit
602 3045 670 3089 esse
701 3027 915 3090 consecutum.
962 3029 1092 3100 exstant

76 3110 260 3176 litterarum
297 3112 483 3180 clarissimis
520 3116 639 3178 testata
674 3112 905 3196 monumentis,
943 3115 1092 3198 exempla

76 3221 277 3267 summorum
304 3201 582 3286 philosophorum
629 3201 684 3285 qui
712 3223 786 3266 cum
813 3205 953 3267 aetatem
980 3202 1014 3266 in
1037 3203 1092 3264 ab·

76 3288 218 3354 ditarum
240 3311 347 3356 rerum
371 3290 602 3374 perscrutanda
623 3288 741 3354 notitia
761 3288 1091 3356 contriuissent-mul

76 3381 173 3479 taque
202 3378 322 3462 partim
351 3379 488 3466 legendo
516 3378 637 3462 partim
666 3383 754 3465 cogit
730 3378 837 3444 tando
865 3375 1029 3478 praeclara
1057 3380 1132 3442 ιιιι

74 3466 194 3532 eximia
221 3467 431 3551 reperissent,
403 3468 601 3532 ttlatere
586 3471 695 3534 tamen
723 3467 827 3532 adhuc
850 3464 976 3551 magnis
1000 3464 1090 3530 inuo-

76 3552 124 3620 lut
110 3559 178 3622 tam
209 3555 365 3622 difficulta
366 3517 456 3622 libis
484 3555 656 3621 ueritatem
683 3560 717 3620 et
747 3553 869 3638 aliquid
899 3553 962 3618 sibi
992 3557 1090 3638 atque
