2578 3896
171 168 210 222 VI
570 163 788 220 PRAEFATIO.

172 332 340 394 reuocatas
372 327 529 412 breuique
567 325 732 392 uolumine
764 326 1013 411 comprehensas
1050 327 1201 413 offeram,
1278 327 1279 330 ’

173 439 289 502 operae
313 415 455 500 pretium
477 438 529 480 me
552 416 712 480 facturum
734 437 800 480 non
823 414 968 498 despero.
1009 467 1017 478 .

261 505 331 570 Hac
354 505 389 568 in
410 526 445 570 re
468 504 515 569 ita
537 504 619 569 mihi
646 503 791 568 intellexi
820 525 888 568 esse
916 503 1123 587 uersandum,
1158 509 1201 569 ut

174 618 211 660 66
234 593 383 680 editione,
407 615 488 678 quae
507 593 611 676 ipsius
629 591 768 657 Manutii
791 591 909 656 iudicio
933 615 1031 677 quam
1052 592 1200 657 maxime

175 688 262 748 recta
290 689 323 748 et
350 681 514 767 perpolita
538 681 756 766 existimatur,
786 703 846 764 pro
875 681 1053 765 archetypo
1076 685 1200 746 uterer.

176 771 308 838 Etenim
342 794 416 836 cum
443 769 498 834 ille
528 769 563 835 in
590 769 732 834 limanda
760 769 905 834 oratione
933 791 1100 854 nunquam
1129 769 1200 834 sibi

175 860 381 945 satisfecerit,
411 859 581 943 epistulae,
612 857 865 943 quotiescunque
894 858 985 943 prelo
1016 862 1085 922 erat
1118 859 1198 922 sub-

174 951 325 1034 iecturus,
342 970 409 1013 non
427 947 532 1012 solum
550 947 752 1030 recensebat,
775 946 831 1011 sed
850 946 947 1011 etiam
970 946 1095 1031 aliquot
1113 947 1199 1011 loeis

177 1037 368 1124 corrigebat.
407 1035 499 1112 Quod
517 1034 603 1100 111611
617 1035 693 1119 quia
711 1038 786 1099 ante
805 1057 876 1100 eam
894 1035 1077 1119 editionem,
1096 1056 1199 1119 quarn

177 1127 288 1211 paullo
311 1125 417 1210 priua,
446 1146 543 1207 quam
566 1124 635 1189 uita
658 1123 837 1207 decederet,
866 1123 1084 1188 excudendum
1107 1145 1199 1188 eura-

177 1216 241 1299 uit,
269 1236 304 1278 se
326 1214 488 1277 facturum
511 1216 543 1276 et
566 1234 626 1296 per
652 1212 778 1277 litteras
800 1211 886 1277 Aldo
908 1212 977 1277 filio
1000 1212 1199 1296 promiserat

176 1308 209 1369 et
232 1301 385 1388 perfecit,
413 1301 482 1366 eius
509 1300 586 1365 libri
610 1300 803 1386 dignitatern
831 1323 990 1365 summam
1018 1323 1087 1366 esse
1114 1301 1197 1365 iudi·
1280 1287 1281 1312 ³

177 1391 325 1458 cauerim.
335 1388 359 1478 ¹)
405 1389 467 1456 Sed
490 1389 568 1474 quid
591 1390 710 1475 quibus
733 1388 813 1454 locis
837 1389 997 1454 censuerit
1024 1390 1199 1454 immutari·
1280 1393 1281 1430 l

177 1482 263 1566 11111,
287 1502 398 1544 eorum
422 1478 584 1563 exemplo,
612 1478 667 1562 qui
690 1483 838 1543 ueterum
862 1477 1056 1543 Graecorum
1077 1478 1197 1543 Rorna-

175 1590 358 1653 norumque
380 1568 483 1633 libros
511 1567 575 1632 sibi
603 1571 794 1651 proponunt
822 1566 974 1651 edendos,
1004 1566 1198 1652 singillatim

178 1680 275 1744 quam
298 1656 542 1742 religiosissime
565 1657 677 1720 afferre
697 1656 754 1720 uix
772 1676 855 1739 opus
874 1677 943 1720 esse
963 1656 1086 1742 opinor,
1105 1677 1197 1739 prae-

177 1747 290 1812 sertim
314 1767 387 1809 cum
411 1745 479 1809 fere
501 1766 667 1827 nunquam
691 1747 782 1809 tanta
805 1744 848 1808 611
867 1743 1074 1809 correctionis
1093 1744 1144 1808 uis
1163 1749 1197 1808 et

178 1834 332 1922 grauitas,
356 1837 393 1896 11
416 1833 543 1896 diuersa
565 1832 737 1897 admodum
761 1833 922 1897 sententia
945 1834 1069 1897 euadat.

266 1922 338 1987 Hoc
361 1921 466 1986 solum
489 1920 600 1985 doben
622 1921 809 2008 legentibus
827 1921 908 1986 111111
926 1921 1083 2006 persuasi,
1105 1925 1143 1985 ut
1162 1925 1197 1985 et
1281 1925 1282 1932 ’

177 2017 289 2097 partes
318 2009 474 2096 quasdam
506 2009 719 2092 epistularum
750 2015 783 2075 61
812 2010 945 2075 nomina
974 2010 1131 2094 quaedam
1161 2010 1196 2074 in

179 2100 294 2185 primis
309 2098 507 2164 editionibus
520 2097 637 2182 posita,
656 2103 771 2182 postea
784 2121 967 2183 suppressa,
981 2099 1196 2164 restituerem.

178 2189 304 2268 Quibus
332 2187 419 2252 enim
446 2187 499 2252 uel
526 2191 662 2270 propter
683 2190 827 2252 mutatos
853 2209 960 2252 mores
982 2188 1036 2252 uel
1058 2193 1197 2272 propter

178 2279 370 2365 denegatam
396 2276 548 2342 Pontifici
578 2275 725 2342 Romano
753 2276 993 2342 oboedientiam
1020 2276 1197 2340 amicitiam

178 2367 435 2451 renuntiauerat,
462 2387 574 2431 eorum
600 2365 747 2452 1611116,
775 2387 816 2430 16
845 2365 972 2450 quando
1000 2364 1064 2430 sibi
1088 2368 1196 2430 essent

179 2454 307 2540 pudori,
330 2454 358 2518 si
377 2453 514 2537 posthac
537 2453 572 2518 in
595 2453 743 2536 epistulis
766 2453 834 2518 6116
858 2453 981 2538 scripta
1003 2454 1198 2540 legerentur,

179 2543 330 2609 omittere
345 2541 515 2606 constituit
529 2542 691 2606 asteriscis
705 2543 740 2606 in
753 2563 864 2608 eorum
877 2543 986 2607 locum
1000 2542 1197 2607 substitutis

268 2629 307 2695 lu
335 2628 514 2694 duodecimi
542 2629 619 2694 libri
647 2630 797 2714 epistulis
823 2635 900 2715 post
926 2635 1065 2696 mortem
1092 2631 1197 2714 patris

179 2721 220 2785 ab
248 2718 334 2784 Aldu
361 2718 429 2783 filio
460 2717 592 2783 adiectis
620 2718 846 2784 auctoritatem
874 2723 1003 2784 secutus
1031 2741 1103 2784 sum
1134 2719 1198 2783 6111-

179 2808 279 2873 tionis
307 2829 416 2872 earum
443 2807 614 2892 principis,
647 2828 728 2892 quae
757 2829 841 2872 anno
871 2809 958 2874 1580
984 2807 1133 2872 Venetiis
1163 2807 1197 2871 in

180 2898 286 2962 lucem
309 2896 439 2981 prodiit.

268 2985 401 3051 Praeter
427 2985 500 3070 has,
528 3006 608 3069 quas
637 2984 899 3068 commemoraui,
930 2983 1099 3070 epistulas,
1130 2988 1198 3048 tres

179 3075 298 3161 recepi,
322 3095 402 3159 quae
426 3073 513 3158 apud
535 3072 710 3138 Krausium
732 3073 767 3138 in
785 3073 964 3158 appendice
986 3073 1199 3138 inueniuntur

272 3324 297 3388 1)
317 3317 398 3372 Hane
412 3315 527 3386 quidem
540 3317 695 3373 editionem
704 3319 742 3374 Io.
753 3317 925 3389 Theophilus
936 3316 1082 3387 Kreusius‚
1098 3335 1198 3386 quam-

182 3408 268 3460 quam
286 3387 439 3460 plurimum
453 3388 542 3443 studii
554 3387 585 3443 in
599 3388 629 3446 P.
644 3387 766 3444 Manutii
780 3389 917 3460 epistulas
939 3405 1003 3444 eum
1022 3388 1196 3459 impendisse

182 3460 323 3544 exipsius
346 3458 471 3544 editione
491 3459 614 3543 (Lipsiae
634 3463 722 3544 1121)),
746 3460 871 3542 omnium
893 3459 1001 3530 optima
1020 3477 1053 3514 ac
1071 3459 1198 3530 loeuple-

181 3535 307 3604 trssrma,
326 3533 513 3603 cognoscitur,
532 3549 593 3602 rpse
610 3549 669 3588 161
686 3533 817 3604 inspexit
