2610 3890
398 144 482 202 LXII.
504 144 679 226 Hieronymo
699 147 806 202 Rubeo.
1046 151 1109 214 129

553 378 651 443 LXII.

210 517 445 602 Hieronymo
467 518 601 585 Rubeo
624 520 844 587 Rauennam
866 531 928 601 (IX,
945 531 997 599 18)

183 659 351 744 Epistolee
387 664 476 746 tuae,
517 661 551 726 in
588 684 652 747 qua
688 663 851 750 significas
887 664 1057 729 Rauennat
1043 669 1110 731 tem

89 748 341 815 historiamat
327 754 453 814 teesse
476 750 592 815 instiut
593 756 661 816 tam
684 753 875 854 quaerisque
898 776 917 816 a
939 776 990 817 me
995 776 1110 839 ,quae

90 838 133 904 ad
158 859 228 902 eam
251 837 444 922 pertineant,
467 839 635 926 nonnulla,
658 841 761 905 serius
784 841 913 906 omnino
921 864 1050 928 ,quam
1072 847 1110 909 tu
1137 863 1151 904 ι

90 927 316 1011 exspectabas,
338 927 526 1011 respondeo
572 929 629 993 sed
655 929 830 1030 obliuionis
857 935 914 994 aut
944 931 1111 1032 negligen-

88 1016 158 1081 tiae
177 1014 273 1099 culpe
290 1014 446 1080 liberabit
431 1019 514 1080 tme
534 1016 677 1082 diuturm
605 1018 729 1083 urnitas
679 1018 862 1104 tmorbi,
886 1041 948 1102 quo
968 1020 1111 1103 primum

88 1103 215 1169 leuiore
239 1108 432 1205 commotus,
458 1109 533 1188 post
535 1127 572 1168 ee
599 1106 743 1193 grauiter
765 1071 933 1190 percdlsus
961 1107 1001 1170 ad
1027 1107 1111 1172 hanc

89 1195 160 1258 fere
184 1191 300 1256 diem
291 1192 384 1257 raoni.
421 1192 542 1278 alioqui
564 1216 672 1259 meum
690 1195 724 1259 in
746 1194 808 1260 hoc
830 1217 948 1282 genere
967 1201 997 1260 st
983 1197 1111 1261 tudium

88 1303 152 1348 nec
188 1280 251 1345 tibi
289 1280 455 1368 defuisset
491 1305 551 1347 nec
591 1283 681 1348 defut
666 1287 776 1349 turum
806 1305 970 1386 'umquam
1011 1285 1110 1351 uelim
1125 1306 1151 1346 ιο

91 1369 270 1435 existimes.
320 1392 386 1435 non
422 1375 472 1434 est
509 1371 595 1435 enim
630 1394 738 1436 meum
770 1373 966 1458 minimeque
999 1374 1110 1440 decere

90 1458 249 1544 arbitror,
277 1479 350 1523 cum
372 1458 562 1524 humaniora
585 1481 712 1542 semper
735 1460 841 1524 studia
864 1463 1037 1547 praecipue
1061 1486 1111 1527 oo

13 1549 14 1552 ’
89 1547 224 1632 luerim,
245 1568 332 1612 nuno
359 1548 491 1612 commit
492 1551 573 1633 tere,
597 1551 634 1612 ut
656 1548 839 1613 humanit
790 1549 868 1613 ttis
896 1551 1002 1614 officia
1029 1550 1110 1614 desi·

13 1639 14 1676 ³
91 1638 205 1702 derare
229 1657 247 1699 a
269 1658 321 1700 me
345 1636 516 1737 quisquam
538 1636 608 1700 iure
631 1637 743 1721 possit
721 1636 881 1702 tAdde
904 1660 1009 1703 meam
1032 1660 1110 1729 erga

13 1743 15 1750 ’
90 1726 206 1791 doctos
232 1724 456 1811 homines,1n
482 1725 602 1809 quibus
630 1725 786 1791 excellere
813 1729 847 1790 te
874 1725 984 1814 uideo,
1014 1721 1150 1792 benere

13 1831 14 1856 ³
90 1812 283 1898 uolent1am3
315 1812 395 1878 adde
430 1836 497 1878 non
527 1814 719 1880 mediocrem
756 1815 941 1880 obseruant
917 1780 997 1880 traria
1033 1839 1111 1902 erga

90 1902 261 1968 ciuitatem
284 1906 438 1988 uestram,
466 1923 547 1987 quae
575 1926 627 1968 me
654 1903 733 1970 olim
759 1904 942 1970 adolescent
928 1908 995 1970 tem
1022 1905 1111 1970 omni

13 2033 15 2037 ,
88 1989 300 2092 liberalitatis
328 2013 444 2077 genere
475 1991 683 2075 complexa
673 2015 893 2059 immemorem
921 1993 1014 2059 aut
1005 2017 1110 2080 mgna

13 2090 16 2126 ῑ
89 2079 202 2145 tum
193 2101 227 2143 ιιι
254 2079 295 2144 ιιι
324 2079 515 2164 praesertim
541 2081 652 2166 rebus,
680 2103 762 2165 quae
790 2083 831 2146 ad
860 2083 930 2146 eius
959 2082 1110 2167 amplitu-

13 2192 15 2200 ’
89 2169 202 2233 dinem
223 2173 257 2232 et
281 2169 421 2270 gloriam
444 2168 622 2252 spectare
613 2190 647 2232 m
648 2169 817 2255 tellexero,
844 2170 990 2253 profecto
1018 2192 1109 2234 num·
1123 2187 1149 2227 ιο

13 2269 16 2306 ³
90 2279 191 2342 quam
205 2257 332 2323 sentiet
354 2279 413 2322 nec
427 2279 504 2321 uero
520 2256 591 2320 dici
596 2260 705 2340 potest
706 2310 715 2343 ,
723 2279 844 2411 quamt
835 2256 928 2322 ualde
942 2259 1110 2344 gaudeam,

13 2360 14 2394 1
90 2346 181 2431 quod
204 2346 335 2411 eniteris
352 2350 450 2431 etque
468 2345 624 2431 elabores,
646 2350 683 2410 ut
702 2345 922 2430 eiusmantiqua
945 2346 1111 2435 nobilitas,

13 2480 14 2484 ,
90 2435 260 2500 aeternis
251 2435 394 2588 mgeniit
391 2434 440 2499 tui
459 2433 588 2518 prodita
605 2435 823 2500 monumentis
841 2437 882 2499 ab
903 2458 990 2500 omm
981 2436 1111 2520 'e-post

13 2569 16 2575 s
90 2523 189 2589 ritate
222 2527 394 2610 cognoscat
395 2546 441 2588 ur.
486 2545 546 2587 nae
578 2523 651 2588 tu'
642 2545 707 2588 1am
733 2546 820 2589 nunc
847 2525 910 2590 ista
876 2524 1056 2590 ttuolun
1042 2529 1110 2591 tate

14 2639 17 2646 ·
90 2634 253 2713 magnam·
267 2613 394 2677 laudem
412 2612 629 2696 consequeris:
653 2613 731 2697 quid
748 2614 799 2678 fut
785 2617 895 2678 turum
913 2618 974 2697 put
976 2637 1019 2702 ιι,
1037 2637 1110 2683 cum
1124 2629 1149 2670 2⁵

13 2728 16 2733 ¹
90 2701 244 2767 uoluntat
195 2701 329 2767 tatires
351 2701 424 2785 ipsa
441 2700 666 2785 responderit?
630 2701 824 2767 tthones'
800 2706 843 2767 trs
861 2703 1004 2767 consiliis
1022 2704 1111 2768 Deus

14 2802 17 2824 ι
91 2789 304 2890 hominesque
332 2791 453 2855 fauent
498 2789 666 2890 honestius
694 2793 750 2854 aut
752 2812 802 2854 em
830 2790 914 2854 nihil
936 2795 993 2854 aut
1021 2813 1112 2873 prae-

13 2927 16 2930 -
92 2877 248 2962 ιιιιιιιιιι,
271 2899 367 2964 quam
396 2878 435 2943 de
467 2882 525 2962 pat
527 2877 574 2942 ria
603 2878 686 2942 bene
718 2877 842 2942 mereri.
888 2877 1018 2963 Vrge
1009 2878 1071 2964 1git
1072 2901 1111 2943 ur

92 2972 125 3031 et
149 2967 285 3053 illustra,
308 2971 465 3052 quantum
488 2967 523 3031 in
545 2970 578 3030 te
602 2971 660 3051 est,
682 2966 821 3053 gentiles
839 2969 922 3031 tuos.
968 2967 1055 3050 quod
1073 2990 1110 3032 eo

90 3055 157 3120 tibi
179 3056 283 3142 magis
306 3078 400 3120 curae
424 3055 521 3120 debet
545 3077 623 3142 esse,
646 3055 722 3140 quia
739 3055 927 3120 memoriam
945 3055 1111 3140 publicam
1125 3069 1151 3109 ⁸0

92 3148 256 3208 uetustate
289 3143 354 3210 iem
382 3143 583 3209 deficientem
611 3144 652 3208 ab
686 3143 820 3208 interitu
852 3145 1014 3210 uindicare
1045 3168 1112 3210 non

92 3236 219 3318 potes‚«
235 3233 314 3317 quin
346 3233 509 3317 priuatam
542 3231 639 3298 simul
670 3232 719 3297 tui
750 3232 891 3298 nominis
922 3232 1111 3297 memoriam

91 3321 331 3387 immortalitati
355 3321 565 3387 commendes.
601 3320 640 3386 ln
658 3321 720 3387 hoc
738 3324 928 3407 argumento
948 3320 1026 3405 quid
1045 3322 1110 3385 effi-

92 3430 165 3474 cere
193 3413 226 3474 et
252 3415 417 3495 praestare
439 3411 510 3494 ipse
534 3410 670 3497 possim,
692 3431 758 3474 non
782 3408 930 3493 equidem
953 3409 1110 3497 intelligo.

92 3503 330 3586 uerumtamen‚
358 3499 386 3564 si
410 3498 487 3583 quid
509 3521 644 3584 possum
667 3502 700 3563 et
728 3498 754 3562 si
779 3497 856 3582 quid
879 3519 1031 3584 assequar
1054 3503 1110 3564 aut
1124 3520 1150 3562 ιι

148 3613 172 3654 P.
185 3613 287 3655 Manum
301 3613 414 3664 epistulae
428 3613 534 3656 relectae.
879 3609 895 3657 9
