2610 3890
186 130 251 194 160
481 129 589 187 LXXX.
616 129 740 186 Antonio
758 128 903 186 Fumario.

628 363 755 427 LXXX.

303 502 475 570 Antonio
503 503 692 570 Furnario
721 504 925 589 Neapolim
949 512 1081 586 (XI,15).

273 646 366 724 Quod
393 644 473 710 felix
499 646 706 730 faustumque
733 645 790 730 sit,
819 645 938 711 iterum
965 645 1087 709 Romae
1115 669 1205 711 sum.

183 735 216 799 id
239 735 329 820 3333133,
351 757 417 800 333
440 734 543 798 dicam
566 734 670 798 inuito
693 732 782 821 (quis
802 735 887 799 enim
906 733 1037 819 inuitus,
1060 734 1202 799 honesta

155 823 372 909 spraesertim
395 821 581 888 condicione
599 823 721 887 Romae
745 820 838 909 sit‘l),
861 823 918 887 sed
936 827 1021 887 certe
1043 844 1103 887 nec
1128 823 1198 907 cpi-

119 960 122 965 ·
182 913 275 978 nanti
298 911 473 998 contigisse
495 911 596 975 uelim
614 912 731 976 credas.
767 933 852 997 nam,
875 933 949 975 cum
972 915 1049 996 post
1067 911 1198 976 obItum

182 1000 233 1066 Pii
252 1000 301 1086 V.,
323 1000 417 1066 Pont.
440 1000 524 1064 Max.
548 1023 612 1084 quo
640 1000 770 1066 sedente
796 999 905 1065 nescio
934 1022 998 1084 quo
1025 1021 1098 1065 mec
1126 1000 1198 1065 lato

182 1089 330 1155 secundis
360 1089 409 1154 uti
439 1089 546 1154 uentis
575 1089 661 1153 haud
691 1089 770 1154 satis
799 1088 880 1153 mihi
910 1109 1063 1172 umquam
1092 1088 1198 1174 licuit,

182 1201 219 1243 eo
240 1178 374 1243 consilio
394 1178 434 1242 ad
451 1177 566 1242 urbem
585 1177 755 1263 uenissem,
777 1182 815 1243 ut
832 1175 979 1242 nubilem
1001 1176 1066 1241 iam
1084 1176 1197 1264 filiam,

142 1289 168 1328 ιο
182 1287 279 1350 quam
306 1266 359 1330 hic
389 1265 521 1330 biennio
551 1269 625 1329 33333
656 1288 752 1351 aeger
782 1265 983 1330 discedens
974 1288 1009 1331 m
1036 1229 1197 1331 ccenobid

182 1353 391 1420 celeberrimo
424 1353 522 1418 sacris
554 1355 756 1419 commendat
742 1359 809 1419 tam
839 1353 1025 1441 uirginibus
1057 1352 1196 1439 relique-

180 1465 264 1530 ram,
291 1443 326 1507 in
352 1446 410 1528 pat
412 1442 493 1508 riam
521 1443 561 1506 ad
583 1443 715 1527 nuptias
741 1444 940 1529 reducerem,
967 1442 1195 1528 exceptusin·

180 1496 327 1598 credibili
357 1531 502 1619 omnium
528 1531 666 1619 laetit't,1a
698 1532 850 1616 precibus
877 1495 1066 1618 amicorum,
1096 1553 1196 1632 suasu

181 1620 413 1708 cardinalium,
442 1621 533 1686 iussu
561 1584 709 1722 Gregdrii
731 1619 830 1708 XIII
856 1621 950 1686 Pont.
974 1620 1073 1704 Man,
1100 1619 1198 1685 cuius

140 1733 165 1774 15
180 1732 220 1774 ex
242 1713 349 1774 mente
378 1714 513 1793 propter
540 1709 678 1775 sanctita
678 1713 745 1774 tem
773 1731 809 1774 ae
837 1709 964 1793 sapient
965 1709 1029 1774 iam
1056 1671 1196 1773 lionesta

180 1799 365 1882 omnia,ut
328 1797 435 1881 utilia,
463 1797 616 1863 salutaria
638 1797 847 1882 proficiscunt
848 1820 899 1884 33,
922 1797 1030 1862 sedem
1053 1797 1106 1862 hle
1129 1801 1195 1862 sta·

178 1890 321 1950 333333
288 1908 305 1949 3
307 1886 492 1950 tredeundi
506 1886 676 1951 consilium
694 1886 833 1952 abiicere
853 1910 924 1951 sum
943 1891 1080 1951 3333333.
1104 1886 1196 1971 quod

178 1973 250 2060 tibi,
273 1973 337 2038 mei
356 1974 576 2040 amantissimo
577 1975 661 2064 ,qui
680 1997 731 2040 me
751 1975 829 2041 olim
848 1974 1011 2040 discedent
997 1980 1029 2040 33
1049 1974 1195 2059 (13133333,

179 2063 426 2150 significandum
449 2063 571 2148 putaui
617 2063 726 2131 uidere
750 2064 836 2129 enim
858 2064 939 2129 mihi
962 2064 1074 2129 uideor
1096 2069 1193 2130 tuum

138 2153 319 2240 333313,333
349 2175 423 2218 cum
449 2154 529 2218 haec
554 2152 710 2239 leges3u
710 2152 811 2218 tinam
840 2157 877 2219 tu
905 2174 1033 2238 quoque
1062 2153 1194 2218 uideres

177 2206 321 2307 animuni
349 2264 470 2328 meum,
500 2243 577 2306 dum
606 2243 685 2307 haec
712 2241 887 2307 scribat
873 2246 930 2308 333
956 2242 1049 2307 laetit
1008 2241 1082 2307 ttia
1108 2241 1192 2306 mihi

176 2330 335 2396 laetitiam
358 2331 464 2415 affert3
492 2331 526 2396 in
554 2353 661 2396 amere
685 2331 770 2415 pari,
800 2330 856 2416 qui
884 2335 960 2396 tuus
988 2335 1039 2396 est
1067 2352 1192 2415 333333,

176 2417 262 2483 idem
289 2424 322 2484 et
352 2423 461 2485 estet
489 2442 558 2484 esse
586 2420 683 2484 debet
669 2423 810 2485 t.meus
855 2423 985 2485 mutuae
1008 2419 1192 2485 uoluntatis

176 2507 300 2572 fructus
327 2529 393 2571 non
420 2512 570 2591 apparet:
601 2507 679 2661 quid
706 2508 799 2574 tum?
828 2531 894 2574 non
923 2509 947 2572 ii
977 2530 1100 2594 sumus,
1132 2508 1188 2593 qui
1277 2575 1278 2613 3

136 2616 163 2658 sc
177 2593 352 2659 amicitiam
389 2599 425 2659 33
411 2595 511 2661 33133
463 2600 530 2661 33
566 2596 746 2661 metiamur
798 2597 863 2661 iam
899 2596 1025 2682 pridem
1062 2596 1186 2662 erudiui

175 2683 317 2749 animum
348 2688 381 2748 et
411 2684 504 2749 docui
531 2683 682 2786 uulgaria
712 2684 867 2770 quaedam
899 2689 1117 2772 contemnere,
1151 2684 1186 2748 in

175 2772 271 2838 bonis
303 2772 469 2859 doctisque
506 2773 585 2839 uiris
617 2774 780 2839 fortunam
816 2797 883 2840 non
916 2796 1081 2859 quaerere,
1119 2773 1187 2838 sola
1274 2775 1275 2843 l

175 2862 305 2949 uirtute,
329 2885 410 2947 quae
428 2863 518 2927 nulla
537 2886 572 2928 33
590 2863 725 2950 indiget,
742 2863 866 2929 nullam
885 2868 977 2929 extra
996 2886 1030 2928 se
1048 2862 1189 2948 appetit,

175 2955 362 3015 contentum
390 2974 466 3016 esse.
512 2952 547 3017 in
575 2974 638 3036 quc
667 2955 741 3016 tuos
770 2975 881 3018 sensus
909 2953 989 3017 meis
1017 2975 1089 3016 cum
1117 2973 1187 3015 sen-

134 3061 161 3102 ec
175 3039 266 3104 sibus
290 3061 465 3126 congruere
487 3061 592 3125 neque
621 3040 735 3105 dubito
765 3045 797 3105 et
819 3042 1028 3107 uehementer
1051 3040 1188 3126 gaudee.

172 3127 261 3193 Vale.
306 3128 441 3216 Romae,
464 3127 533 3193 XII.
556 3128 627 3193 Κ31.
652 3128 720 3194 033.
743 3129 936 3195 MDLXXII.
