2610 3890
441 201 499 259 LX.
526 200 629 257 Iacobo
648 199 772 257 Gorseio.
1047 201 1110 266 127

100 367 136 428 ut
148 364 189 428 ab
205 362 404 448 optimorum
420 363 626 429 consiliorum
640 384 736 429 eursu
748 360 988 448 rectissimeque
1003 368 1111 429 mente

102 452 264 539 deducant,
286 473 462 537 numquam
485 457 705 536 assequentur.
751 451 795 516 Te
818 451 948 536 quidem
970 453 1043 539 ista,
1065 453 1111 518 mi

101 539 222 627 Gorsei,
251 563 333 626 quae
361 545 417 604 aut
445 563 464 604 a
489 540 664 606 leuissimis
692 539 879 606 hominibus
907 545 1026 606 temere
1054 547 1110 607 aut

100 629 138 693 ab
160 629 413 715 improbissimis
437 629 549 695 callide
572 630 836 717 disseminantur,
860 628 887 694 si
910 633 1022 714 putem
1046 651 1109 695 cre-

100 717 182 806 dere,
218 719 368 806 ignorare
404 719 516 784 uidear
552 723 584 784 et
618 719 823 804 prudentiam
859 723 892 784 et
929 717 1108 783 bonitatem
1135 739 1150 779 s

98 809 191 872 tuam.
223 807 272 874 Ut
289 806 429 895 ingenue
447 811 557 872 tamen
574 812 682 872 teoum
693 830 804 894 agam,
826 807 977 892 postilla
995 807 1110 872 uerba:

100 893 285 962 ‘Exclusum
310 918 379 961 esse
402 897 507 961 Roma
528 896 667 961 Paulum
689 895 897 981 Manutium',
928 896 1041 981 optaui
1069 896 1108 961 si·

100 1005 194 1070 gnum
218 985 352 1070 aliquod
375 985 428 1050 uel
450 984 562 1050 iudioii
585 985 638 1050 uel
657 984 772 1049 saltem
790 986 909 1051 amoris
927 985 984 1049 tui.
1025 983 1108 1049 Iudi-

99 1072 149 1157 eii,
177 1078 215 1138 ut
242 1074 305 1139 hoe
333 1074 478 1139 adderes:
511 1073 616 1151 ‘Quod
643 1073 713 1138 ueri
741 1073 845 1138 simile
868 1096 935 1138 non
956 1073 1108 1159 uidetur',

98 1163 282 1248 autetiam,
306 1162 410 1240 ‘Quod
428 1163 467 1227 de
490 1163 548 1227 tali
572 1162 643 1228 uiro
666 1162 723 1226 uix
742 1161 956 1247 crediderim'3
979 1161 1107 1248 amoris,
1121 1181 1148 1222 ιο

98 1249 154 1316 hoe
182 1256 240 1316 aut
271 1251 388 1317 simile:
419 1251 526 1329 ‘Quod
554 1251 649 1336 eupio
676 1273 745 1316 esse
772 1251 920 1334 falsum’,
952 1250 1057 1328 ‘Quod
1079 1251 1107 1316 si

98 1359 204 1405 uerum
223 1344 284 1424 est,
303 1340 417 1405 doleo'.
453 1340 542 1405 Haeo
560 1344 597 1404 tu
616 1341 643 1405 si
662 1340 709 1405 sie
728 1339 921 1426 scripsisses,
940 1361 1013 1405 oum
1031 1340 1107 1404 ami-

98 1426 184 1494 citiae
206 1433 339 1495 nostrae
363 1433 434 1494 tum
457 1429 656 1494 constantiae
685 1451 813 1512 quoque
836 1432 912 1493 tuae
936 1429 1106 1494 satisfecis-

97 1536 151 1602 ses,
173 1517 229 1583 illa
254 1518 386 1603 quidem
408 1518 480 1602 ipsa
503 1518 613 1601 uerba,
636 1538 718 1601 quae
741 1517 921 1582 subaeerba
940 1516 1106 1580 nonnullis

97 1604 192 1671 uideri
215 1608 355 1674 fortasse
379 1606 520 1691 possint,
543 1606 748 1672 condimento
772 1605 864 1689 quasi
887 1604 995 1689 aliquo
1019 1604 1145 1668 miti-1⁵

97 1715 206 1778 gasses.
243 1695 392 1780 Utraque
416 1699 465 1761 est
488 1717 506 1759 a
524 1699 558 1760 te
581 1694 700 1760 omissa
718 1693 923 1780 significatio,
945 1697 978 1758 et
997 1715 1105 1777 quam-

99 1803 187 1865 quam
209 1788 349 1870 utraque
372 1783 453 1849 mihi
477 1804 577 1869 aeque
606 1787 699 1872 grata
722 1783 832 1848 futura
855 1787 953 1867 esset,
981 1782 1103 1867 quippe

98 1872 147 1953 qui
175 1874 315 1940 abonis
345 1872 543 1958 eruditisque
573 1873 665 1958 uiris,
695 1872 779 1938 idest
808 1895 827 1938 a
854 1872 903 1937 tui
933 1870 1104 1955 similibus,

97 1979 156 2024 non
176 1963 284 2028 minus
308 1962 441 2047 probari
465 1984 561 2046 quam
584 1961 678 2048 diligi
706 1961 837 2046 uellem,
864 1966 973 2027 tamen
995 1961 1104 2026 neseio

98 2052 249 2130 quomodo
273 2053 325 2135 fit,
354 2056 392 2116 ut
414 2051 516 2117 amori
538 2055 572 2116 te
593 2051 679 2116 nihil
701 2050 825 2116 dedisse
849 2051 1014 2136 aliquanto
1038 2072 1103 2114 mo·
1117 2069 1145 2110 ro

97 2133 201 2205 lestius
231 2141 343 2205 feram.
394 2139 463 2217 Qua
494 2141 532 2205 de
562 2162 597 2205 re
629 2139 745 2224 scripsi
778 2140 818 2203 ad
847 2143 880 2203 te
910 2135 1012 2203 libere
1043 2160 1103 2222 pro

98 2246 162 2290 mea
184 2228 424 2295 consuetudine.
469 2227 585 2314 Neque
603 2233 713 2292 tamen
732 2227 856 2312 dubito,
880 2227 959 2311 quin
981 2230 1018 2290 tu
1041 2226 1103 2290 hoo

97 2311 210 2402 ipsum,
239 2318 326 2404 quod
350 2317 478 2403 scripsi,
506 2340 566 2402 pro
589 2321 646 2382 tua
668 2315 870 2381 humanitate
894 2314 987 2399 aequi
1012 2314 1102 2379 boni-

98 2423 153 2484 que
174 2407 282 2472 faeias.
327 2407 413 2473 Nam
441 2407 479 2470 de
503 2410 592 2471 statu
618 2429 727 2470 rerum
754 2425 898 2469 mearum
924 2402 1005 2469 mihi
1028 2402 1102 2489 ipsi,

97 2496 211 2559 auctori
240 2496 319 2562 satis
347 2497 447 2581 bono,
479 2495 578 2560 uelim
605 2495 728 2580 aradae,
759 2517 824 2559 non
856 2493 952 2558 modo
979 2493 1101 2558 Romae
1116 2512 1142 2553 aa

98 2599 159 2646 esse
190 2608 255 2669 me,
292 2606 405 2650 uerum
442 2584 540 2650 etiam
571 2584 712 2650 libenter
744 2606 827 2670 esse,
864 2582 1102 2648 existimatione

97 2665 228 2759 integra,
265 2696 300 2738 re
331 2674 483 2740 familiari
520 2678 614 2739 auota
650 2673 761 2757 potius
794 2695 890 2756 quam
922 2672 1101 2736 imminuta.

96 2752 178 2825 Vale.
221 2763 359 2847 Romae,
381 2762 436 2828 Vl.
459 2762 530 2827 Kal.
554 2762 623 2828 Oet.
646 2760 824 2827 MDLXlX.

486 3067 699 3076 ——-—-—
