2610 3890
191 177 255 240 144
486 176 582 235 LXIX.
607 177 726 232 Camillo
744 175 901 232 Palaeotto.

639 409 751 475 LXIX.

318 549 479 616 Camillo
502 551 709 618 Palaeotto
731 551 944 618 Bononiam
966 561 1015 630 (X,
1031 559 1066 626 ⁷).

275 693 402 760 Potasti
425 715 466 758 ne
484 715 639 779 umquam
661 694 740 777 fore,
762 698 799 759 ut
822 715 883 779 ego
906 715 958 757 me
981 692 1205 758 Romanarum

185 782 434 867 occupationum
448 805 466 847 e
479 783 618 848 uinculis
633 783 828 848 eximerem?
855 786 941 847 certe
960 781 1082 846 factum
1100 781 1203 846 uides

159 892 244 938 onec
278 871 359 936 mihi
393 871 484 936 uenit
513 871 548 937 in
581 877 725 937 mentem
761 871 829 936 eius
865 870 992 936 consilii
1024 869 1203 953 paenitere.

185 960 265 1044 quin
280 960 423 1045 quotidie
437 961 541 1048 magis
555 961 710 1048 gratrdor,
728 960 815 1044 quod
833 958 889 1023 illa
906 958 1102 1043 reliquerim,
1120 958 1202 1023 haec

185 1048 247 1115 sim
278 1049 426 1135 adeptus:
464 1050 550 1134 quod
582 1051 623 1115 ab
657 1049 745 1115 omni
783 1069 859 1114 cura
890 1048 976 1112 liber
1008 1046 1075 1112 otio
1110 1047 1203 1113 fruar

183 1136 425 1222 honestissimo,
456 1140 543 1223 quod
575 1161 612 1202 ea
638 1160 723 1202 nuno
753 1137 890 1221 denique
920 1135 1026 1201 studia
1057 1137 1201 1201 recolere

184 1225 264 1290 mihi
291 1227 401 1311 liceat,
429 1249 447 1290 a
475 1227 595 1310 quibus
623 1226 801 1292 disiunctus
827 1230 878 1292 tot
905 1247 1008 1290 annos
1030 1224 1115 1309 uixi,
1146 1225 1201 1289 uel

145 1339 170 1380 ιο
184 1313 294 1397 potius
318 1314 413 1398 plane
444 1336 511 1379 non
538 1314 616 1378 uixi.
666 1336 748 1399 quae
776 1315 863 1380 enim
889 1317 1000 1398 potest
1030 1335 1098 1378 esse
1127 1313 1202 1377 uita

184 1401 252 1468 sine
274 1401 416 1469 litteris?
446 1404 555 1468 ualeat
581 1403 731 1490 ambitio,
760 1405 887 1469 fricatus
915 1425 1013 1488 opum
1036 1402 1200 1486 splendor.

181 1491 265 1556 nihil
288 1496 346 1579 est,
369 1492 456 1577 quod
478 1515 551 1558 cum
573 1492 765 1558 suauissima
782 1493 943 1558 librorum
965 1491 1200 1557 consuetudine

182 1581 321 1646 conferri
344 1581 413 1646 iure
436 1582 548 1666 possit.
595 1604 659 1666 qua
681 1586 789 1647 mente
813 1603 887 1646 oum
909 1603 1026 1666 essem,
1049 1581 1200 1646 commisi

181 1673 299 1754 tamen,
321 1674 358 1734 ut
381 1670 477 1735 aliter
499 1670 637 1736 sensisse
658 1671 779 1752 uidear,
802 1691 875 1736 cum
894 1669 1088 1736 sententiam
1106 1691 1200 1734 num-

142 1783 167 1824 u
183 1780 280 1842 quam
302 1758 505 1825 mutauerim.
549 1781 625 1824 nam
648 1759 688 1824 ad
710 1760 825 1825 urbem
843 1759 981 1824 Romam
1003 1780 1041 1824 eo
1065 1759 1200 1843 quidem

180 1846 314 1912 consilio
344 1869 415 1911 sum
442 1849 620 1934 profectus,
648 1847 832 1914 domesticis
859 1852 896 1912 ut
919 1846 1102 1912 rationibus
1125 1869 1200 1914 con·
1296 1915 1297 1938 ,

180 1934 331 2019 sulerem,
361 1935 459 2000 simul
485 1940 594 2002 tamen
620 1936 655 2001 id
682 1942 844 2022 spectem,
873 1958 914 2001 ne
945 1936 1075 2002 delicias
1098 1959 1198 2024 meaa,
1295 1999 1296 2032 ,

180 2022 375 2107 optimarum
393 2024 499 2089 studia
519 2025 711 2112 litterarum,
729 2048 863 2110 prorsus
882 2026 1069 2090 desererem.
1101 2026 1198 2092 aliter

179 2112 302 2178 cecidit.
349 2113 422 2198 quis
449 2135 501 2179 me
532 2119 660 2180 accuset
689 2114 946 2180 inconstantiae?
982 2114 1062 2179 uicit
1089 2137 1197 2181 meam
1294 2099 1295 2130 ¹

138 2227 164 2268 ao
177 2201 379 2268 uoluntatem
406 2207 553 2288 potestas
579 2226 703 2288 eorum,
731 2204 864 2289 quibus,
896 2208 933 2268 ut
964 2224 1106 2287 aequum
1137 2208 1197 2293 est,

176 2313 244 2356 non
266 2291 373 2356 minus
395 2292 537 2358 libenter
559 2315 656 2377 quam
677 2293 858 2358 necessario
882 2291 984 2376 parui.
1021 2291 1077 2356 sed
1096 2292 1195 2358 mitto
1291 2355 1292 2358 ,

177 2381 359 2462 praeterita.
406 2381 497 2466 quasi
521 2381 620 2466 enim,
644 2404 681 2446 ea
703 2382 780 2446 dum
803 2381 943 2467 attingo,
970 2379 1114 2446 uulneris
1138 2383 1196 2446 ob·
1290 2457 1291 2462 ἵ

177 2468 306 2532 ductam
329 2491 432 2553 prope
459 2471 641 2536 cicatricem
663 2492 793 2536 renouo.
838 2471 902 2535 Hic
924 2491 976 2534 me
1004 2469 1195 2554 propinqui,

176 2555 364 2643 familiares,
394 2558 464 2622 noti
493 2560 617 2642 pariter
645 2564 743 2644 atque
772 2558 891 2646 ignoti,
920 2559 1109 2623 redeuntem
1140 2582 1193 2624 ex·

136 2669 162 2710 ao
177 2666 292 2729 cepere
322 2645 493 2729 uoluptate
525 2669 658 2713 summa.
709 2647 834 2713 Vrbem
866 2647 1005 2731 priuatis
1036 2647 1193 2712 aedificiis
1288 2639 1289 2700 l

176 2733 407 2821 elegantiorem
439 2738 472 2799 et
507 2736 649 2820 publicis
680 2736 835 2821 operibus
872 2735 1192 2822 magnificentiorem,
1287 2743 1288 2746 ’

175 2845 273 2907 quam
296 2823 498 2908 reliqueram,
520 2825 640 2910 inueni,
658 2831 838 2910 praeterea,
861 2846 1056 2909 quamquam
1079 2824 1192 2890 arden-

173 2915 207 2976 te
227 2912 323 2997 bello,
346 2913 528 3000 florentem,
551 2915 637 2979 utin
655 2936 780 2979 summa
797 2935 892 2998 pace,
910 2915 1010 2978 rebus
1028 2913 1192 2998 omnibus,

175 3021 259 3084 quae
281 3000 335 3065 uel
356 3001 397 3065 ad
420 3023 515 3068 usum
537 3003 683 3087 eorporis
701 3002 809 3068 uelud
825 3002 925 3067 animi
944 3001 1192 3067 delectationem

134 3112 160 3152 ao
174 3088 348 3174 pertinent.
387 3111 450 3174 quo
480 3091 587 3156 dolere
615 3091 778 3156 interdum
805 3112 842 3156 ao
869 3113 972 3175 paene
1002 3111 1191 3156 succensere

174 3178 254 3244 mihi
278 3200 390 3265 cogor,
415 3179 471 3263 qui
494 3183 546 3245 tot
569 3180 678 3265 bonis,
700 3185 793 3245 tanta
815 3179 1065 3264 tranquillitate,
1095 3183 1190 3244 tanto

175 3268 271 3333 etiam
298 3266 459 3333 nobilium
486 3268 630 3335 uirorum
658 3291 735 3356 erga
761 3291 813 3333 me
836 3291 944 3333 amore
967 3273 1034 3332 tam
1057 3265 1113 3331 diu
1136 3291 1190 3332 me

174 3377 281 3422 carere
308 3357 370 3422 sim
393 3379 517 3442 passus.
561 3358 643 3423 lucri
665 3363 774 3423 tamen
801 3357 834 3420 id
857 3357 979 3421 factum
1002 3359 1063 3439 est,
1092 3356 1190 3443 quod,

172 3443 236 3508 nisi
253 3445 329 3511 hinc
348 3446 564 3512 discessissem
583 3446 701 3530 diuque
719 3445 904 3530 abfuissem,
926 3445 1005 3510 haec
1022 3445 1101 3530 ipsa,
1115 3467 1190 3530 pro-

133 3553 159 3593 u
173 3531 280 3617 sectio,
303 3535 422 3617 quibus
444 3556 530 3600 nuno
553 3556 592 3598 ex
616 3534 787 3600 interuallo
810 3533 1008 3619 recuperatis
1026 3533 1189 3599 iucundis·
