2610 3890
185 185 228 250 84
248 263 250 266 ¹
426 181 551 238 XXXIX.
579 182 675 237 Marco
692 180 816 236 Antonio
835 180 954 235 Murato.

184 309 294 429 possit·
313 343 505 428 exspectari,
533 348 590 408 0111
613 344 711 409 officii
730 365 832 430 genus
854 343 911 407 aut
934 341 1033 406 studii
1056 345 1208 425 praeter·

184 432 321 500 mittum.
366 431 460 518 Vale,
482 431 629 497 Venetiis
653 431 827 517 [omnm.

618 763 762 830 XXXIX.

247 885 373 956 Marco
400 882 571 955 Antonio
598 889 748 954 Murato
775 888 979 954 Patauium
1006 897 1068 968 (111,
1083 898 1140 963 27).

158 1039 171 1079 0
272 1013 338 1079 Vix
362 1012 483 1098 credas,
511 1033 608 1096 quam
635 1035 700 1078 non
727 1011 821 1077 facile
847 1033 919 1076 mea
946 1033 1043 1077 manu
1069 1011 1207 1078 litteras

186 1102 353 1168 conficiam
376 1106 409 1166 et
432 1123 529 1184 quam
551 1101 659 1185 facile,
687 1121 760 1165 cum
787 1105 862 1165 utor
888 1099 1088 1186 amanuensi,
1114 1099 1205 1166 fluat

186 1191 297 1255 oratio.
352 1189 461 1272 itaque
494 1188 610 1271 scripsi
641 1189 682 1251 ad
713 1187 867 1253 Seuerum
898 1187 1072 1272 laboriose,
1109 1190 1205 1272 quod

185 1275 399 1361 inambulans,
422 1279 459 1340 ut
481 1278 577 1340 antea
599 1275 753 1361 solebam,
776 1275 909 1342 minimo
930 1277 1062 1363 negotio
1082 1276 1205 1343 dictas·

185 1387 261 1430 sem.
308 1363 465 1428 discessus
487 1361 542 1426 ille
564 1385 669 1449 meus,
694 1386 885 1451 magnorum
908 1364 1005 1429 index
1028 1363 1204 1452 malorum,

145 1476 171 1516 ro
185 1456 222 1518 ut
249 1452 290 1516 ab
315 1451 427 1517 amicis
454 1454 531 1516 tunc
558 1451 639 1517 falsa
666 1452 849 1518 coniectura
877 1452 981 1518 ductis
1009 1454 1205 1540 putabatur,

184 1541 359 1606 familiares
377 1562 475 1625 11000,
498 1559 635 1623 quorum
654 1540 702 1605 uti
722 1562 821 1625 opera
839 1562 1076 1626 consueueram,
1093 1541 1203 1608 Pcdo-

184 1631 360 1714 catharum,
382 1629 601 1713 Fasinardum,
624 1633 788 1713 postremo
812 1629 910 1693 etiam
932 1628 1103 1695 Nicolaum
1124 1629 1204 1696 Cre-

184 1723 310 1788 tensem
332 1717 413 1782 mihi
436 1717 562 1781 ademit.
600 1717 703 1782 filium
721 1717 836 1803 habeo,
859 1718 914 1782 sed
937 1738 1074 1802 puerum
1092 1717 1204 1785 adhue

185 1811 218 1869 et
253 1803 416 1869 imbecillo
451 1826 584 1888 corpore
621 1809 654 1870 et
686 1810 878 1889 occupatum
911 1805 989 1870 satis
1022 1805 1204 1872 domestica

144 1915 170 1956 15
185 1914 268 1957 cura.
310 1892 419 1976 itaque
442 1893 588 1978 posthae,
610 1891 674 1958 nisi
698 1893 775 1977 quid
793 1898 938 1959 occurrat
961 1894 1102 1980 grauius,
1125 1917 1202 1980 per-

184 2001 282 2065 quam
304 2001 377 2045 raro
401 1985 434 2045 et
453 1981 745 2064 quambrouissime
768 1981 916 2046 scribam.
962 1981 1057 2047 uenio
1080 1983 1121 2047 ad
1143 1983 1203 2050 lit·

184 2073 270 2134 teras
293 2073 374 2133 tuas.
415 2067 577 2134 Reuersus
607 2091 624 2134 e
646 2069 731 2135 Foro
758 2067 846 2154 Iulii,
876 2091 939 2154 quo
962 2070 1102 2135 exieram
1129 2093 1203 2138 non

183 2161 250 2222 tam
279 2155 404 2244 negotii
432 2178 528 2241 quam
558 2156 753 2222 ualetudinis
783 2179 906 2242 caussa,
938 2158 1043 2242 reperi
1073 2159 1203 2226 librum

183 2251 276 2312 tuum
290 2245 461 2311 Variarum
474 2243 658 2330 lectionum,
676 2266 774 2329 quem
788 2247 875 2330 apud
888 2245 1016 2312 Sixtum
1028 2247 1202 2334 Medicam,

143 2358 169 2398 ao
183 2355 385 2400 communem
403 2334 550 2418 amicum,
569 2333 779 2398 excellentem
796 2334 903 2399 uirum
921 2333 1105 2419 reliqueras.
1127 2337 1202 2402 noli

184 2425 353 2504 expectare
385 2420 539 2487 iudicium
571 2443 686 2486 meum.
736 2421 821 2486 malo
855 2423 941 2486 enim
972 2426 1005 2486 te
1038 2424 1079 2488 ab
1113 2423 1201 2511 aliis,

183 2508 261 2591 quid
284 2508 323 2570 de
345 2507 412 2571 tuis
430 2508 555 2593 studiis,
579 2509 657 2592 quid
676 2509 714 2574 de
733 2509 864 2597 ingenio
884 2510 1073 2596 existimem,
1098 2533 1200 2596 quam

183 2616 276 2657 ame
299 2593 371 2677 ipso
394 2615 595 2679 cognoscere.
642 2617 741 2662 unum
764 2603 873 2664 tamen
895 2597 976 2663 illud
998 2621 1064 2664 non
1087 2600 1199 2666 minus

183 2701 258 2748 uere
290 2703 386 2765 quam
416 2681 557 2747 libenter
587 2683 704 2770 dicam,
735 2686 818 2750 nihil
848 2709 900 2752 me
932 2685 1035 2752 adhuc
1066 2687 1102 2752 in
1133 2689 1199 2754 hoe

142 2791 169 2832 as
183 2791 300 2856 genere
322 2769 440 2856 legisse
464 2770 621 2858 ornatius,
650 2772 733 2837 nihil
760 2774 924 2840 eruditius.
970 2774 1063 2853 Quod
1085 2781 1198 2842 autem

183 2857 377 2942 quibusdam
399 2857 434 2923 in
455 2858 536 2924 locis
560 2865 593 2925 et
615 2881 634 2924 a
651 2882 703 2926 me
727 2861 878 2928 dissentis
896 2867 929 2927 01
947 2863 1088 2950 egregiis
1108 2863 1199 2930 idem

274 2996 373 3064 10001
397 2997 643 3066 ‘praetermittam’
664 2999 694 3054 in
712 2999 804 3069 prima
826 3000 950 3056 editione
973 3001 1032 3056 0110
1051 3001 1198 3072 epistulae

184 3063 345 3146 legebatur:
371 3065 534 3122 Salutamus
559 3071 601 3137 10,
628 3087 713 3138 quam
736 3070 861 3126 studiose
885 3087 1025 3140 quamque
1044 3088 1079 3127 ex
1098 3073 1197 3129 animo

182 3134 258 3217 11001.
295 3151 361 3217 ego,
381 3152 450 3191 uxor
469 3139 498 3192 01
516 3138 612 3208 liberi,
635 3139 885 3210 010000111110*),
912 3158 996 3210 quem
1014 3142 1100 3197 audio
1118 3160 1197 3199 nunc

181 3222 213 3287 m
238 3221 317 3288 01110
341 3207 517 3278 uagientem,
546 3213 691 3280 susceptus
716 3228 733 3265 a
754 3213 797 3282 10,
825 3229 888 3266 cum
912 3212 1066 3267 salutarem
1090 3229 1197 3282 aquam

182 3293 213 3330 rn
234 3276 407 3347 baptismate
432 3278 577 3348 reciperet.
615 3279 661 3334 cui
683 3284 713 3335 10
735 3297 786 3352 010
810 3299 844 3338 eo
866 3281 992 3350 11011110,
1017 3283 1095 3351 quod
1117 3283 1198 3338 inter

183 3363 234 3427 nos
255 3363 402 3404 commune
421 3349 498 3419 00011
517 3366 586 3419 0000,
605 3351 731 3420 parentis
746 3353 841 3408 officia
857 3353 981 3424 benigno
1000 3353 1094 3424 01010
1112 3370 1197 3423 prae-

182 3418 314 3473 suturam
331 3419 505 3476 confidimus.

177 3493 394 3514 ,Ἦ

272 3539 293 3592 *J
307 3541 427 3596 Octauius,
441 3543 550 3587 minimus
565 3546 622 3587 1011
636 3544 697 3588 filiu·
711 3546 778 3589 Pauli
791 3547 823 3587 Μ.
