2578 3896
159 158 206 224 42
426 155 526 216 ΧιῙΙιι.
551 156 597 211 Ad
614 155 762 211 Alfonsum
781 153 919 214 Carafam.

160 320 377 408 linguam,u
356 319 392 384 ut
425 317 524 384 etiam
554 317 734 385 necessaria
766 316 874 383 uideat
860 321 922 383 t.ur
969 317 1057 420 Quae
1094 325 1183 404 sunt,

160 430 243 494 quae
266 429 341 474 uere
365 411 398 472 ιι
420 408 553 493 proprie
570 407 749 472 necessaria
767 406 925 472 dicimus?
957 407 1114 472 nimirum
1134 431 1182 492 ea,

162 496 281 584 quibus
305 517 410 562 carere
433 496 524 562 nullo
548 495 643 561 modo
666 517 846 580 possumus
891 495 1078 560 huiusmodi
1103 501 1180 561 sunt

161 585 303 672 primum
332 584 504 669 elementa,
535 584 662 669 deinde,
692 583 811 669 quibus
841 585 960 649 famem
989 583 1179 670 frigoraque

132 695 313 760 earcemus,
336 673 452 759 uictus,
475 673 649 739 uestiment
650 695 677 756 a,
634 671 871 738 taedest
815 676 871 738 aut
890 694 936 757 ea,
960 673 1080 757 quibus
1099 673 1180 739 haec

161 768 324 850 parantur.
370 765 463 846 praet
464 784 536 827 erca
565 762 600 826 in
622 761 764 846 publicis
787 761 886 826 rebus
907 761 997 848 leges
1020 765 1054 826 et
1077 763 1179 849 magi-

161 857 228 919 stra
192 851 336 938 ra'tus,
327 873 362 916 m
391 850 529 935 priuatis
561 850 716 916 seueritas
749 852 781 913 et
815 849 963 936 uigilant
953 873 993 914 ra.
1046 873 1086 914 ex
1117 852 1178 916 hoc

160 963 293 1007 numero
321 938 471 1005 Latinam
501 943 586 1005 certe
616 961 682 1004 non
712 959 782 1003 esse
810 937 956 1024 linguam
983 938 1077 1003 facile
1108 962 1179 1005 con·

161 1030 247 1096 cedo.
293 1049 398 1114 neque
422 1027 508 1093 enim
531 1028 559 1093 is
583 1049 643 1114 ego
667 1049 752 1110 sum,
782 1026 838 1110 qui
861 1027 1003 1091 libenter
1027 1049 1102 1092 cum
1126 1051 1178 1093 ue·

121 1118 257 1184 scritate
288 1137 440 1203 pugnem.
493 1116 549 1182 sed
578 1119 671 1200 praet
672 1137 707 1179 er
735 1115 827 1200 haec,
858 1115 977 1199 quibus
1007 1115 1179 1181 hominum

161 1207 230 1272 uite
258 1205 436 1270 sustinetur
459 1208 492 1268 et
514 1204 652 1290 regitur,
683 1225 779 1288 quam
806 1203 910 1268 multa
938 1208 1014 1269 sunt
1044 1204 1179 1270 minime

161 1292 353 1378 necessaria,
391 1313 472 1377 quae
509 1296 618 1358 tamen
653 1292 811 1357 habemus
847 1292 881 1356 in
918 1291 1056 1376 deliciis,
1096 1315 1179 1378 quae

161 1404 318 1467 amamus,
348 1403 430 1467 quae
460 1380 558 1446 etiam
588 1381 709 1446 honore
739 1380 987 1466 prosequimur?
1033 1404 1179 1468 gemmas

162 1475 195 1537 et
213 1493 291 1537 uasa
308 1470 448 1557 pretiose
468 1470 598 1555 caelata,
622 1469 786 1535 columnas
805 1491 1008 1555 marmoreae,
1027 1471 1180 1555 laqueata

123 1581 149 1624 ιι
164 1563 263 1644 ιιοιι,
286 1559 403 1626 sericas
427 1564 546 1645 uestes,
569 1559 701 1624 textiles
723 1558 882 1643 picturas,
910 1562 1013 1624 artem
1036 1559 1070 1623 in
1094 1561 1180 1625 uoci·

162 1650 225 1716 bus
244 1653 277 1714 et
291 1649 421 1732 fidibus,
439 1648 553 1714 odores
568 1647 603 1712 in
616 1646 800 1734 unguentis,
819 1646 1024 1712 condimenta
1038 1647 1073 1712 in
1088 1647 1181 1732 cibis,

161 1739 240 1803 haec
262 1741 347 1804 certe
371 1741 468 1821 atque
495 1736 592 1801 huius
620 1736 748 1822 generis
771 1739 935 1820 sexcenta,
965 1757 1031 1800 non
1059 1740 1098 1800 ut
1127 1759 1180 1801 nc·

161 1825 304 1891 cessitati
327 1830 468 1911 pareret,
496 1824 551 1889 sed
580 1828 617 1888 ut
640 1824 787 1890 sensibus
810 1823 1023 1908 satisfaceret,
1050 1823 1179 1890 inuenit

161 1913 326 1978 industria.
380 1935 460 1998 quae
492 1913 571 1998 quin
600 1913 743 1978 habeant
772 1912 982 1978 iucunditatis
1017 1917 1051 1977 et
1088 1935 1178 1978 orna-

82 2047 86 2060 .
119 2025 148 2066 ιο
161 2002 263 2068 menti
286 2001 476 2088 plurimum,
502 2023 598 2066 namo
626 2006 733 2089 negat.
780 2001 930 2086 quodsi,
958 2023 1040 2086 quac
1064 2025 1178 2067 sensus

160 2092 274 2157 iuuant
297 2095 330 2156 et
352 2090 514 2156 laboriose
542 2090 689 2176 quaesita
716 2095 792 2156 sunt
819 2094 852 2154 et
880 2089 1063 2155 retinentur
1086 2113 1177 2157 accu-

160 2184 238 2265 rate,
262 2183 382 2267 quanto
400 2180 496 2247 nobis
516 2202 561 2265 ea,
585 2200 666 2265 quae
685 2179 829 2244 enimum
848 2178 1022 2264 oblectant,
1046 2180 1177 2263 potiora

161 2270 280 2336 debent
317 2269 408 2336 esse?
451 2269 596 2354 pascitur
634 2268 761 2333 animus
797 2267 1021 2354 magnitudine
1058 2289 1175 2334 rerum.

161 2359 239 2458 quid
260 2357 346 2424 Liuii
369 2358 540 2424 sublimius
559 2357 626 2422 hist
612 2356 705 2441 toria,
729 2378 810 2440 quae
833 2355 949 2440 populi
966 2355 1005 2421 R
1025 2355 1178 2422 bellicam

119 2469 146 2510 ιι
161 2445 316 2511 umorem
349 2447 599 2512 commemorat?
640 2445 749 2532 grauit
735 2449 803 2510 ιιιι
836 2444 1070 2510 sententiarum
1104 2445 1177 2530 quis

162 2532 314 2599 Cicerone
333 2534 533 2619 prudentius,
552 2534 625 2635 quis
644 2533 802 2599 eruditius
821 2532 967 2618 disputet
917 2533 989 2598 tt?
1013 2533 1177 2636 elegantia

160 2622 391 2688 uerborumet
358 2623 507 2707 etcopia
531 2622 604 2708 quis
623 2623 735 2687 eodem
754 2622 906 2709 ornatior,
930 2623 1002 2707 quis
1021 2619 1177 2690 uberior?

160 2710 317 2776 uarietate
340 2710 533 2795 scriptorum
557 2711 644 2797 quod
666 2733 769 2812 genus
786 2711 951 2777 Romanae
973 2711 1029 2776 litt
1015 2715 1103 2776 terea
1128 2714 1179 2777 de

161 2799 303 2866 s1deran
308 2799 325 2864 ?
358 2822 420 2884 poe
422 2803 472 2866 tas
490 2801 613 2866 habent
636 2799 794 2887 egregios,
817 2799 999 2885 historicos,
1022 2805 1178 2902 oratores,

119 2911 147 2951 ιο
161 2889 376 2973 philosophos
400 2889 497 2955 ιιιιιιι
520 2889 691 2956 excellenti
715 2889 816 2954 (ιοιι
775 2893 861 2954 trma
884 2890 996 2956 claros.
1043 2911 1126 2974 quae
1151 2889 1178 2954 si

97 3046 101 3053 ,
161 2999 238 3042 uera
270 2983 345 3043 sunt
378 2977 458 3065 (sint
490 3000 605 3065 necne,
637 3000 689 3043 res
720 2977 793 3061 ipsa
825 2978 979 3063 declarat,
1011 2977 1178 3064 ambigere

160 3088 227 3130 non
255 3063 412 3152 ιιοιι)ι
444 3066 471 3131 si
501 3066 652 3152 uoluptat
619 3088 751 3131 ιιιιιι
735 3066 890 3132 studiosis
919 3029 990 3132 Lol·
966 3071 1035 3130 ιιιιι
1064 3065 1179 3152 lingua

161 3154 248 3238 parit
271 3154 502 3240 incredibilem,
525 3178 659 3240 possum
677 3154 722 3220 ist
722 3153 751 3220 is
769 3154 922 3240 tribuere,
946 3154 1033 3239 quod
1050 3152 1178 3219 uolunt.

160 3242 373 3309 necessariam
400 3241 500 3330 uulgo
527 3266 594 3309 non
621 3266 703 3328 esse,
736 3243 813 3307 dum
840 3244 905 3328 ipsi
932 3246 1058 3328 contra,
1091 3242 1180 3327 quod

119 3332 246 3397 ceratio
269 3331 415 3416 postulat
438 3336 535 3416 atque
559 3331 676 3419 exigit,
699 3331 761 3397 ιιοο
784 3331 865 3396 mihi
887 3331 1049 3415 tribuant,
1071 3353 1179 3396 aman·

164 3421 237 3486 dam
270 3442 338 3485 esse
369 3419 578 3486 uehementer
610 3425 708 3506 atque
741 3419 963 3504 expetendam.
1013 3419 1069 3484 scd
1099 3419 1179 3484 haec

162 3507 203 3572 ed
222 3530 301 3595 eam,
325 3532 388 3594 qua
405 3509 543 3597 legendo
562 3509 708 3595 fruimur,
732 3509 933 3592 uoluptatem
951 3529 1027 3592 pars
1046 3507 1179 3574 attinet:
