2578 3896
472 203 535 260 XII.
553 201 628 258 Vido
647 201 748 258 Fabro.
1073 203 1115 267 21

100 365 274 450 acceperis,
297 365 384 430 hunc
406 369 443 430 tu
462 365 542 430 mihi
566 364 763 450 scrupulum,
785 363 877 450 Vide,
900 366 928 431 si
946 389 986 432 01
1010 365 1117 432 001100

101 455 271 538 0110110100,
293 456 415 519 faceres
435 455 577 519 humane
599 475 658 518 neo
681 458 791 518 tamen
813 454 937 540 inique,
960 478 1033 521 cum
1055 457 1118 521 1100

100 545 220 628 ipsum,
243 543 330 627 quod
353 543 560 608 commissum
582 564 602 606 a
624 564 675 607 me
699 546 758 627 est,
780 541 923 626 primum
950 566 990 608 ex
1013 545 1118 609 aliena

101 633 199 717 culpa
222 632 375 717 pendeat,
403 631 516 696 deinde
542 653 629 696 nunc
656 631 786 715 quidem
810 632 907 696 etiam
930 632 1117 719 corrigatur.

99 721 207 786 Venio
225 721 266 784 ad
285 725 357 785 tuas
375 720 509 805 litteras,
529 720 648 805 quibus
666 719 747 785 mihi
766 720 890 806 gratius
907 721 991 786 nibil
1010 721 1119 804 potuit
1145 748 1159 789 0

101 809 254 893 00011010,
270 809 408 874 dicerem
427 808 606 894 iucundius,
619 808 683 873 nisi
701 809 844 874 clausula
858 810 914 874 illa
928 810 967 873 de
981 809 1118 874 Bunello

98 920 174 963 meo
198 898 294 982 plane
318 919 446 963 0100010
469 897 702 962 iucunditatem
721 897 869 981 eriperet.
905 898 1046 963 namsia
1068 899 1119 963 fac

100 987 278 1072 existimes,
311 1008 351 1051 ex
380 987 468 1051 illius
501 986 564 1051 uiri
593 985 729 1050 interitu
757 990 884 1051 tantum
913 1009 964 1050 100
994 987 1119 1071 cepisse

101 1076 256 1160 dolorem,
275 1079 432 1160 quantum
449 1075 587 1140 fortasse
606 1075 675 1139 dies
693 1075 862 1140 exhaurire
880 1076 970 1140 nulla
987 1076 1118 1160 poterit.

99 1164 238 1230 Vixerat
264 1185 391 1229 mecum
413 1162 560 1229 Venetiis
590 1186 649 1248 per
672 1164 931 1250 quadriennium,
961 1187 1034 1230 cum
1058 1187 1118 1252 ego
1134 1192 1160 1232 10

101 1254 137 1318 in
160 1253 218 1317 illo
243 1253 442 1337 probitatem
470 1274 597 1318 morum
620 1252 840 1338 uirtutemque
864 1253 1041 1340 diligerem,
1064 1255 1119 1319 ille

98 1342 135 1407 in
158 1363 210 1406 me
234 1341 499 1426 propensionem,
522 1342 630 1425 credo,
653 1342 814 1425 quandam
838 1343 878 1406 ad
905 1343 1031 1408 litteras
1053 1366 1120 1408 non

100 1431 312 1514 improbaret.
361 1430 367 1443 '
392 1433 568 1494 tarcessere
587 1430 686 1494 etiam
705 1431 872 1495 internos
896 1433 1003 1496 officia
1026 1455 1119 1515 quae-

101 1520 191 1602 dam,
218 1519 273 1583 sed
300 1539 319 1583 0
346 1541 398 1582 100
421 1519 507 1582 leuia
534 1538 593 1581 nec
621 1518 700 1582 satis
724 1518 836 1604 digna,
860 1541 941 1601 quae
964 1521 1120 1584 memoria

100 1612 302 1692 tenerentur,
331 1628 413 1692 quae
435 1612 546 1672 tamen
568 1605 638 1691 ille,
665 1611 703 1670 ut
726 1610 796 1671 erat
819 1611 945 1693 gratus,
967 1629 1033 1672 11011
1056 1631 1119 1673 010-
1135 1633 1160 1674 15

98 1696 233 1762 minisse
257 1696 371 1779 solum,
395 1696 452 1761 sed
474 1695 659 1780 praedicare
684 1696 781 1760 etiam
813 1695 949 1761 solebat.
992 1719 1052 1783 ego
1075 1698 1118 1762 ab

99 1786 158 1850 1110
190 1785 370 1851 1001101010
401 1785 564 1850 habebam
597 1784 804 1871 beneficium,
837 1785 924 1870 quod
960 1808 1011 1850 me
1045 1809 1119 1851 oum

98 1873 284 1958 Philelphis
303 1877 336 1938 01
351 1872 524 1957 Campanis
541 1873 650 1938 000010
671 1873 790 1958 quibus
808 1873 860 1963 (ut
874 1874 947 1939 01110
962 1873 1118 1962 parcam),

98 1964 216 2028 misere
240 1966 401 2027 errantem
424 1962 459 2026 in
481 1962 564 2027 hanc
587 1966 673 2027 recte
697 1963 859 2028 scribendi
883 1963 970 2028 uiam
993 1965 1119 2048 primus

97 2052 279 2116 induxerat.
324 2051 496 2115 videbatur
526 2051 720 2136 quibusdam
741 2057 858 2116 natura
881 2053 1039 2135 seuerior,
1062 2053 1119 2118 sed
1132 2078 1159 2118 1ο

99 2146 169 2206 0101
192 2139 377 2205 100100110υο
406 2161 483 2226 erga
511 2140 561 2204 sui
584 2139 719 2224 similes,
746 2141 808 2206 hoo
836 2145 885 2205 est
908 2163 986 2227 erga
1014 2142 1119 2205 bonos

98 2231 204 2315 uiros,
235 2228 295 2294 ubi
324 2228 443 2293 uitium
474 2233 599 2313 nosset,
629 2251 742 2293 censor
773 2229 956 2292 acerrimus.
1008 2227 1119 2292 distin·

99 2340 199 2405 guere
222 2317 371 2382 homines
388 2339 455 2382 non
473 2319 604 2382 fortuna
623 2316 680 2381 sed
698 2316 844 2381 moribus
863 2316 997 2380 solebat.
1028 2316 1118 2401 loqui

98 2407 139 2471 ad
162 2407 367 2472 uoluntatem
388 2427 493 2490 neque
516 2406 588 2490 ipse
611 2409 741 2490 poterat
763 2427 869 2490 neque
892 2407 984 2492 ferre,
1004 2406 1060 2489 qui
1079 2406 1119 2470 ad

98 2497 196 2560 101010
234 2499 337 2560 011010
374 2495 518 2560 eruditus
553 2499 650 2560 esset:
682 2498 772 2558 totus
809 2499 879 2560 erat
915 2499 1049 2579 apertus
1082 2500 1114 2560 et
1128 2516 1154 2557 aa

98 2585 248 2669 simplex.
295 2583 374 2648 satis
403 2583 469 2648 0010
497 2584 607 2669 fuisse,
632 2583 687 2669 qui
710 2583 803 2649 illum
826 2585 1021 2668 deprecatae
1048 2585 1120 2649 reli-

97 2673 208 2760 gionis
235 2671 366 2738 nomine
393 2672 429 2736 in
456 2672 578 2738 crimen
605 2673 801 2738 uocauerint.
852 2695 990 2757 quorum
1017 2674 1120 2739 uitam

96 2762 125 2827 si
151 2783 225 2826 cum
247 2761 376 2826 Bunelli
400 2761 469 2826 uita
492 2783 710 2848 comparares,
733 2760 897 2827 Socratem
921 2762 1042 2826 diceres
1061 2762 1120 2826 ini-

97 2872 239 2935 quorum
275 2849 514 2934 conspiratione
552 2851 815 2915 circumuentum.
867 2849 975 2915 Ooluit
1007 2872 1119 2915 omnes

95 2939 239 3004 uirtutes
268 2943 300 3003 et
328 2938 526 3022 philosopho
555 2938 670 3025 dignas
702 2944 734 3003 01
763 2938 894 3004 homine
926 2938 1118 3026 Christiano,
1133 2959 1160 3000 11

97 3028 156 3092 sed
179 3027 412 3092 continentiam
435 3032 564 3111 praeter
587 3032 718 3093 ceteras.
755 3028 815 3092 hac
832 3050 911 3094 uero
931 3029 985 3092 ille
1007 3029 1120 3094 trium-

97 3116 217 3200 phauit
239 3115 379 3181 10011100
399 3119 432 3180 01
449 3115 667 3200 triumphauit
686 3117 881 3202 adolescens,
904 3139 977 3182 cum
996 3122 1120 3182 ceteros

97 3205 253 3288 uoluptas
282 3203 378 3288 capit.
417 3226 480 3288 quo
509 3205 691 3269 mirandum
719 3210 768 3270 est
798 3206 919 3290 minus,
950 3207 978 3270 si
1008 3209 1119 3269 tantus

96 3297 214 3377 postea
242 3293 293 3357 uir
321 3315 361 3356 01
389 3297 481 3357 tanto
505 3293 707 3359 adolescente
734 3295 841 3359 factus
864 3299 922 3359 est.
967 3313 1118 3357 001001-

96 3388 237 3447 tremam
256 3382 342 3446 uitae
362 3387 499 3466 partem,
523 3403 628 3467 quam,
651 3387 688 3446 ut
706 3383 741 3447 in
759 3383 871 3447 fabula
889 3385 1005 3466 actum,
1028 3380 1160 3446 11000110

97 3493 168 3536 0000
197 3469 482 3556 perfectissimam,
514 3470 677 3537 heroicam
711 3471 807 3536 audio
835 3470 934 3536 fuisse
963 3474 996 3534 et
1023 3470 1118 3554 plane

97 3560 251 3625 diuinam.
290 3581 388 3642 quare
411 3559 645 3646 incumbamus,
668 3583 687 3624 o
710 3559 803 3643 Vide,
826 3563 859 3622 et
881 3558 963 3622 hanc
987 3579 1119 3641 operam
