2610 3890
179 206 246 271 114
540 199 598 256 LII.
624 197 715 254 Mario
733 197 854 253 Niaolio.

180 367 269 434 ronis
298 364 455 450 exemplis
483 364 648 448 professus
681 384 722 426 as.
773 359 910 425 nimium
939 358 994 424 diu
1017 359 1132 443 debas,
1157 361 1208 424 mi

181 454 304 542 Nizoli,
336 454 421 539 quod
451 451 528 517 olim
558 450 746 536 petentibus
776 471 795 513 a
822 452 854 512 te
882 448 990 513 tribus
1021 448 1208 516 familiaris-

184 545 275 610 simis
297 544 364 609 tuis
387 547 525 626 tuaeque
549 539 671 626 gloriae
691 537 916 623 cupidissimis,
938 537 1036 601 Petro
1055 536 1209 622 Bunell0‚

183 632 285 698 Paulo
309 629 478 718 Magnulo,
506 628 600 714 mihi,
627 632 705 692 tunc
729 625 981 711 adolescentulo,
1009 647 1106 710 saepe
1131 649 1209 710 pro-

156 721 310 787 smisisti.
356 741 415 785 nec
439 724 548 783 tamen
571 738 686 803 urgere
709 719 743 780 te
766 714 881 798 audeo,
907 714 1072 779 hominem
1096 719 1208 780 aetate
1292 746 1297 775 ι

184 811 362 894 infirmum,
399 806 500 873 oculis
531 828 599 870 non
631 806 713 869 bene
746 807 905 886 utentem,
937 801 1070 888 publico
1104 803 1208 868 etiam

183 898 317 964 docendi
340 918 473 962 munere
503 893 693 960 districtum.
739 892 795 956 sed
817 914 922 957 meam
945 891 1141 956 sententiam
1164 893 1208 957 de

182 1009 217 1052 re
238 986 404 1052 dicendam
423 984 547 1070 putaui.
584 983 619 1048 in
642 1002 705 1069 quo
724 980 826 1045 habui
848 977 1006 1045 rationem
1030 980 1065 1044 in
1088 980 1209 1064 primis

183 1075 379 1141 ualetudinis
411 1078 500 1157 tuae,
532 1072 668 1155 ueritus,
700 1092 754 1154 ne,
786 1090 860 1134 cum
889 1069 993 1134 multa
1021 1090 1122 1134 senex
1153 1070 1207 1134 ad-

143 1189 171 1230 ro
184 1165 315 1229 modum
353 1161 546 1246 susceperis,
583 1160 691 1225 omnia
726 1159 867 1242 perferre
904 1157 961 1222 uix
997 1157 1112 1242 possis.
1165 1158 1206 1223 de

183 1257 330 1335 tempore
354 1255 463 1314 autem
486 1250 548 1313 etsi
570 1248 635 1312 iam
662 1247 802 1312 indicaui
828 1269 893 1311 non
921 1251 1002 1330 tam,
1030 1246 1108 1330 quid
1132 1269 1209 1334 ege,

184 1361 281 1424 quam
313 1338 391 1423 quid
424 1359 534 1402 omnes
566 1339 735 1423 cuperent,
768 1340 878 1400 tamen
909 1334 1129 1400 moderaberis
1162 1359 1206 1401 ex

183 1428 357 1513 prudentia
379 1432 436 1492 tua
459 1431 493 1491 et
517 1447 555 1491 eo
583 1425 713 1510 quidem
736 1424 856 1509 anime,
887 1428 924 1488 ut
950 1423 986 1488 in
1008 1445 1128 1511 magna
1152 1447 1205 1490 ex-

184 1516 384 1602 spectatione
407 1537 467 1581 nos
490 1537 618 1600 quoque
647 1515 685 1579 de
713 1517 770 1578 tuo
798 1512 965 1578 commodo
993 1513 1207 1579 uehementer

143 1629 170 1670 rs
183 1606 331 1671 laborare
349 1605 413 1670 tibi
436 1604 637 1690 persuadeas.
672 1601 842 1688 Equidem,
865 1601 892 1666 si
910 1623 961 1666 me
980 1601 1081 1687 audis,
1105 1603 1206 1668 etiam

184 1695 265 1759 illud
288 1694 456 1779 suaserim,
482 1715 523 1758 ne
551 1693 591 1756 ad
613 1692 734 1778 figuras
761 1694 925 1756 oratorum
948 1688 1065 1755 similia
1090 1713 1207 1778 aggre-

208 1805 278 1848 ares
308 1786 478 1867 poetarum
505 1781 583 1846 loca.
630 1800 783 1865 quorsum
813 1779 921 1844 enim?
961 1800 1035 1844 cum
1065 1781 1107 1844 ab
1139 1803 1206 1846 uno

184 1807 337 1936 dicerone
362 1870 465 1936 omnis
488 1871 620 1935 ubertas
644 1873 677 1934 et
696 1867 787 1953 quasi
811 1867 893 1933 silua
910 1871 981 1932 tum
999 1889 1108 1934 rerum
1133 1873 1206 1935 tum

184 1960 359 2024 uerborum
390 1958 473 2023 sumi
500 1958 613 2043 possit.
659 1957 745 2042 quod
773 1956 800 2021 si
827 1955 934 2041 poetis
960 1956 1114 2040 prodesse
1145 1959 1206 2046 uis,

143 2072 170 2112 1ο
183 2049 245 2113 hoc
274 2068 401 2135 quoque
431 2047 605 2132 separatim
632 2046 702 2111 fiat:
733 2046 815 2112 bene
844 2044 1007 2110 locabitur
1033 2043 1206 2113 industria.

184 2159 243 2202 nec
267 2159 328 2225 ego
352 2158 506 2222 aspernor
529 2158 566 2201 ea
589 2135 709 2221 studia,
738 2156 820 2219 quae
848 2133 933 2199 colui
960 2133 1148 2201 adolescens
1172 2142 1207 2201 et

185 2249 322 2312 quorum
352 2249 414 2311 ope
444 2226 548 2290 fateor
579 2247 630 2289 me
663 2223 704 2287 ad
735 2223 876 2307 aliquam
909 2222 1041 2287 oratorii
1073 2226 1205 2290 numeri

184 2316 352 2380 seientiam
381 2315 475 2379 facile
505 2313 699 2398 peruenisse.
748 2333 834 2376 nunc
863 2311 1009 2376 elabores
1039 2311 1141 2377 uelim
1173 2319 1208 2379 et

183 2403 267 2468 hanc
302 2425 400 2469 unam
437 2408 469 2467 et
506 2401 687 2486 simplicem
723 2400 879 2486 omnium,
916 2404 953 2464 ut
990 2422 1050 2486 ego
1088 2403 1207 2489 sentio,

144 2511 171 2553 ss
185 2491 358 2554 maximam
390 2513 427 2554 ac
459 2491 683 2555 difficillimam
716 2489 917 2574 eloquentiae
949 2493 1084 2573 partem.
1138 2513 1208 2576 quo

184 2578 219 2642 in
241 2599 358 2663 genere
388 2577 457 2642 siue
483 2582 521 2641 tu
553 2579 726 2642 uerborum
755 2578 823 2642 siue
851 2577 1082 2643 sententiarum
1112 2601 1206 2644 orna-

183 2671 293 2730 menta
316 2687 458 2753 quaeras,
480 2688 546 2730 non
568 2665 672 2752 uideo,
695 2688 752 2730 cur
774 2688 838 2731 uno
859 2664 1010 2731 Cicerone
1029 2671 1208 2734 contentus

185 2777 253 2819 esse
285 2777 350 2820 non
379 2755 492 2840 possis.
542 2754 622 2819 mihi
653 2755 796 2841 quidem,
826 2776 898 2819 cum
928 2755 1101 2820 immensas
1132 2757 1205 2822 eius

184 2866 263 2928 opes
286 2844 422 2909 intentis
447 2843 548 2909 oeulis
577 2844 792 2930 contemplor,
819 2866 913 2930 egere
941 2844 1105 2909 interdum
1128 2845 1205 2929 ipsa

143 2953 171 2996 ao
184 2954 286 3016 paene
311 2931 443 2998 Graecia
467 2933 603 2997 uidetur.
650 2936 736 2998 certe
765 2933 803 2996 de
825 2932 961 3017 nostris,
984 2933 1040 3017 qui
1064 2933 1105 2996 ad
1128 2955 1207 2999 ean-

185 3020 257 3084 dem
278 3020 407 3086 laudem
430 3021 593 3105 adspirare
615 3021 768 3107 potuerit,
790 3043 895 3106 neque
913 3021 1014 3086 fuisse
1033 3025 1129 3086 antea
1148 3045 1206 3088 ne

184 3129 246 3193 que
263 3108 334 3174 fore
354 3132 547 3196 quemquam
560 3109 650 3195 puto.
680 3110 767 3196 Dixi,
786 3110 864 3194 quid
879 3111 1042 3196 sentirem,
1059 3111 1205 3197 ingenue

181 3218 242 3281 pro
270 3220 341 3263 mea
369 3199 612 3284 consuetudine,
638 3199 778 3264 libenter
804 3222 863 3284 pro
892 3221 1000 3264 amore
1015 3199 1063 3266 ‚in
1090 3203 1123 3264 te
1147 3223 1205 3265 ue

181 3287 315 3352 terrimo
339 3291 436 3375 atqua
459 3288 637 3353 uerissime.
683 3291 721 3351 tu
744 3288 822 3373 quid
850 3291 989 3374 statuas,
1018 3291 1129 3353 utrum
1153 3288 1206 3354 in-

140 3395 169 3436 as
184 3375 301 3440 stituta
330 3380 521 3462 commutes,
554 3399 609 3460 an,
640 3380 678 3440 ut
708 3375 858 3463 coepisti,
889 3399 1019 3464 pergas,
1051 3399 1112 3461 pro
1140 3381 1204 3443 tua

184 3461 340 3547 singulari
368 3466 526 3551 sapientia
553 3464 720 3530 iudicabis.
767 3464 1022 3531 Commentarios
1050 3487 1138 3531 meos
1165 3467 1205 3532 in

182 3549 337 3631 epistolas
372 3554 548 3640 Ciceronis,
585 3576 667 3638 quae
696 3554 885 3620 Familiares
915 3559 1088 3642 uocantur,
1124 3576 1204 3622 cum
