2610 3890
187 195 231 261 80
476 195 614 254 XXXVll.
641 196 742 253 Ioanni
760 196 908 254 Sambucc

187 359 300 443 lacere,
324 358 351 422 si
374 381 434 442 per
456 358 631 447 domestica
653 357 785 446 negotia
807 357 927 424 liceret.
969 357 1034 444 sed,
1057 359 1212 448 obsecro,

186 445 288 510 nolite
320 469 360 511 ex
398 447 465 512 otio
498 452 606 512 uestro
644 469 751 512 meum
781 452 935 531 spectare.
986 447 1081 512 uobis
1114 449 1211 514 enim

188 539 275 600 certa
298 539 331 600 et
353 535 504 619 expedita
526 541 602 601 sunt
625 535 746 602 omnia:
771 535 851 601 mihi
874 535 1006 601 unicum
1029 541 1078 602 est
1101 539 1207 603 uecti-

186 623 241 710 gal
264 623 422 688 industria
446 645 531 707 mea,
563 646 627 708 qua
652 623 774 689 liberos
801 624 899 709 alere,
931 624 1015 689 tueri
1043 625 1208 692 familiam

159 732 285 798 scogor
314 716 347 777 et
376 713 404 777 si
431 711 610 800 negligam,
640 712 804 778 deseretur
830 713 1022 777 humanitas.
1068 713 1131 797 sin,
1166 721 1210 780 ut

186 799 297 886 debeo,
315 800 488 887 diligenter
507 823 623 887 curem,
642 801 744 866 iacere
762 801 869 866 studia
886 823 1017 866 necesse
1036 806 1093 888 est,
1117 823 1209 886 quae

186 889 328 956 solutum
347 889 432 954 curis
447 890 598 956 omnibus
616 890 759 956 animum
776 890 953 974 postulant.
989 889 1044 975 At,
1063 890 1208 976 inquies

185 977 257 1062 ipsa
279 978 342 1043 tibi
363 978 470 1044 studia
487 980 629 1044 fructum
651 979 765 1044 ferent.
802 977 887 1043 Cane
911 977 983 1043 aliis
1006 979 1207 1046 cantilenam

184 1065 294 1154 istam,
316 1089 422 1134 mores
445 1089 481 1132 ac
504 1072 651 1152 tempora
673 1067 913 1154 ignorantibus,
935 1067 1016 1132 mihi
1039 1089 1106 1133 non
1127 1091 1208 1152 per·

145 1178 171 1219 ro
185 1155 336 1222 suadebis
364 1160 508 1240 experto.
554 1161 648 1222 uetus
675 1156 732 1220 illa
757 1155 947 1241 Principum
974 1155 1117 1222 uirorum
1146 1157 1206 1224 be-

184 1243 328 1328 nignitas
351 1244 486 1328 exaruit,
508 1244 617 1308 inania
639 1243 786 1328 plerique
809 1249 998 1329 sequuntur,
1020 1245 1103 1310 nihil
1125 1245 1206 1310 soli-

185 1330 262 1396 dum
292 1337 413 1418 amant,
443 1332 526 1397 nihil
556 1331 776 1420 magnificum,
805 1333 888 1397 nihil
917 1332 1052 1398 illustre.
1099 1333 1207 1402 Vides

185 1419 279 1506 alios,
310 1422 400 1504 quasi
424 1421 596 1506 perdendis
619 1425 746 1486 tantum
769 1421 919 1508 frugibus
942 1421 1011 1487 nati
1035 1421 1114 1508 sint,
1140 1423 1205 1488 im·

184 1509 334 1575 manibus
368 1509 536 1594 epularum
568 1509 754 1594 sumptibus
784 1532 863 1594 opes
894 1509 1077 1597 exhaurire,
1109 1510 1204 1600 alios,

144 1619 169 1661 rs
185 1597 277 1682 quasi
300 1598 398 1664 etiam
419 1599 567 1664 homines
590 1599 693 1684 ipsos,
720 1621 786 1664 non
811 1598 906 1664 modo
930 1599 1040 1686 fruges
1064 1600 1205 1684 perdere

183 1687 356 1771 pulchrum
374 1686 427 1771 sit,
449 1689 618 1753 thesauros
637 1686 799 1753 effundere
818 1687 970 1753 collectos
992 1688 1204 1755 acerbissime

183 1776 218 1840 in
241 1798 278 1840 ea
306 1775 405 1861 bella,
434 1797 515 1861 quae
538 1775 724 1842 uastitatem
747 1776 847 1862 agris,
874 1775 1014 1841 urbibus
1041 1776 1204 1865 incendia,

182 1864 323 1929 humano
346 1865 471 1951 generi,
498 1864 602 1930 aliena
629 1863 769 1931 stultitia
796 1863 990 1950 miserrimo,
1019 1864 1143 1931 cladem
1168 1873 1204 1932 et

183 1951 318 2018 exitium
350 1953 536 2037 importent.
587 1953 698 2018 Musae
734 1951 865 2018 interim
897 1951 1019 2038 ubique
1051 1953 1202 2020 locorum

142 2061 169 2102 ao
182 2040 306 2127 algent,
337 2041 503 2128 neglectae
533 2042 574 2107 ab
605 2043 660 2127 iis,
690 2041 745 2125 qui
772 2042 883 2107 fouere
912 2064 965 2107 eas
993 2047 1029 2106 ut
1056 2043 1201 2109 maxime

182 2135 342 2216 poterant,
360 2130 407 2195 ita
425 2131 563 2197 maxime
582 2130 753 2196 debebant.
790 2129 900 2195 Etiam
918 2129 1000 2194 illud
1017 2131 1202 2219 indignum,

182 2219 268 2304 quod
291 2219 460 2306 exsistunt,
485 2219 540 2305 qui
563 2220 670 2304 specie
688 2218 895 2285 liberalitatis
914 2219 1084 2306 gloriolam
1104 2242 1201 2286 aucu-

181 2313 300 2391 pentur
332 2313 365 2373 et
398 2332 468 2374 eam
500 2309 668 2394 uirtutem,
705 2331 724 2372 a
753 2329 817 2393 qua
847 2307 1035 2394 longissime
1067 2309 1201 2396 absunt,

183 2397 273 2478 quasi
295 2397 486 2462 familiarem
510 2419 600 2463 suam
629 2397 675 2462 sic
702 2397 737 2462 in
764 2418 818 2462 ore
846 2397 1001 2483 habeant,
1026 2401 1064 2462 ut
1087 2420 1198 2464 amare

271 2645 304 2695 23
322 2642 389 2710 post
409 2640 535 2694 ‘absunt'
556 2641 705 2710 legebatur
718 2641 748 2696 in
762 2641 854 2711 prima
867 2640 994 2697 editione
1012 2642 1109 2711 quarti
1123 2642 1192 2699 libri

182 2713 285 2780 (1560):
307 2727 392 2780 quam
411 2711 531 2766 oderunt
549 2727 618 2766 cane
636 2711 717 2782 peius
732 2714 761 2767 et
775 2728 876 2783 angue.
895 2745 930 2754 -
948 2718 984 2767 24
1001 2714 1067 2782 post
1082 2715 1193 2769 ‘amare
1288 2727 1289 2734 ¹

180 2783 355 2838 uideantur':
388 2782 547 2853 exemplum
574 2799 672 2838 recens
702 2782 732 2838 in
763 2783 893 2839 manibus
922 2787 965 2838 est
992 2782 1130 2854 hominis,
1161 2790 1195 2840 ut

181 2853 319 2909 amultis
343 2853 452 2924 accepi,
481 2852 664 2923 nobilissimi,
690 2853 739 2923 qui
765 2853 836 2908 mihi
861 2856 891 2909 et
918 2853 1070 2937 obsignata
1093 2855 1196 2910 charta

180 2924 249 2993 quid
267 2924 341 2980 ultro
360 2925 522 2994 promiserit
541 2928 570 2981 et
587 2929 701 2998 postca,
726 2924 818 2979 cultus
842 2942 923 2981 arne
942 2925 1096 2995 diligenter
1114 2926 1195 2980 omni

179 3010 282 3117 genere
305 2995 391 3050 officii
409 2995 523 3065 qualem
542 2996 620 3052 exitu
642 3015 671 3053 se
689 2995 864 3066 praebuerit,
889 3013 947 3052 non
969 2996 1092 3064 ignoras.
1129 2997 1194 3053 Hoc

192 3080 238 3119 ere
256 3065 353 3120 morbo
376 3065 509 3122 laborant
530 3068 614 3123 multi
637 3084 727 3138 eoque
750 3066 876 3137 grauius,
899 3083 955 3136 quo
978 3067 1070 3122 minus
1096 3083 1196 3122 eorum

180 3134 305 3216 dignitas
324 3138 354 3191 et
371 3137 529 3207 amplitudo
546 3139 610 3196 fert.
647 3157 734 3194 unum
757 3140 807 3192 aut
831 3139 964 3208 alterum,
988 3139 1038 3193 sed
1057 3156 1146 3194 unum
1163 3139 1198 3194 in

177 3205 276 3276 primis
296 3207 390 3263 animo
409 3208 546 3266 excellere
565 3212 595 3266 et
608 3227 756 3280 personam
770 3209 909 3279 Principis
924 3209 1038 3280 egregie
1053 3209 1197 3266 sustinere

179 3275 276 3346 audio,
301 3278 404 3333 summi
425 3279 516 3334 filium
533 3281 728 3351 Imperatoris,
754 3281 848 3350 ipsum
866 3281 942 3335 orbis
961 3281 1052 3334 terrac
1071 3279 1112 3334 im
1134 3281 1197 3336 erio

200 3347 206 3358 '
260 3349 389 3420 ssimum,
413 3351 637 3407 Maximiliannm
654 3352 774 3422 Regem,
799 3366 883 3421 quem
906 3352 941 3406 de
964 3351 1097 3406 ornandis
1112 3298 1197 3408 libe

178 3347 284 3474 ilahbhs
304 3421 461 3491 disciplinis
480 3422 619 3492 cogitare,
644 3440 706 3477 cum
730 3437 778 3476 cas
802 3421 909 3490 optime
932 3421 1048 3488 calleat,
1073 3421 1196 3477 minime

178 3487 272 3544 miror.
305 3491 402 3562 itaque
420 3493 527 3549 factum
546 3510 564 3548 a
581 3510 626 3549 me
644 3511 702 3548 non
719 3490 887 3561 insipienter
903 3494 982 3562 puto,
1001 3490 1051 3561 qui
1070 3491 1106 3545 de
1125 3492 1196 3547 mit·

178 3559 264 3614 tendo
284 3562 321 3616 ad
339 3580 403 3620 enm
421 3563 494 3620 libro
513 3567 610 3620 nostro
634 3566 663 3620 te
682 3563 796 3633 quidem
815 3563 992 3632 approbante
1010 3577 1062 3618 nec
1081 3562 1195 3619 medio-
