2610 3890
417 203 513 260 LXVI.
536 203 696 274 Augustino
715 205 871 275 Angelello.
1086 207 1150 272 139

133 365 272 468 longot
273 387 416 432 errarum
438 389 475 432 ac
498 366 596 432 maris
619 367 791 432 interuallo
815 365 955 433 disiunct
940 372 1016 470 tam,
1039 373 1151 452 petere

132 477 201 520 non
218 453 332 519 licebit
332 455 519 542 ,deponam
537 455 687 520 uoluntat
672 459 739 520 tem
752 478 857 520 meam
856 457 1057 542 ,suscipiam
1070 480 1151 544 eam,

134 566 232 628 quam
263 507 438 610 necessitas
470 546 590 610 afferet
635 545 783 610 accedam
810 545 851 608 ad
878 543 1016 610 Sabinos
1042 547 1151 647 colles,

134 654 216 717 quos
240 633 354 698 florere
377 634 472 698 audio
491 633 634 720 regionis
656 633 782 700 amoeni
784 638 861 717 t,ate
884 633 997 698 caelit
983 635 1150 720 temperie,

134 720 281 786 omnium
303 743 424 806 rerum,
453 745 532 807 quas
554 723 723 788 hominum
746 723 853 788 uictus
875 723 942 788 cult
928 727 1045 806 tusque
1069 723 1149 787 desi-
1175 744 1188 782 ι

132 810 238 894 derat,
270 811 427 876 ubertate.
473 810 600 877 Interea
631 834 682 876 mc
714 811 844 877 tibito
861 810 1149 895 umsalutemque

131 920 239 963 meam
258 921 354 984 quam
373 899 565 984 suppliciter
578 923 711 984 possum
729 816 955 966 comnidndans
970 922 1006 965 ac
1019 899 1150 965 tradens

131 987 259 1074 negotii
273 988 517 1054 administrandi
532 990 691 1055 rationem
705 989 862 1076 singulari
875 995 950 1054 tuae
970 987 1148 1072 sapientiae

130 1077 296 1161 permitto.
341 1077 432 1142 Vale.
463 1077 503 1142 V.
521 1078 593 1142 Kal.
616 1077 705 1163 Sept.
723 1078 885 1143 MDLXX.

583 1502 695 1568 LXVI.

212 1642 433 1731 Augustino
456 1642 665 1730 Angelello
688 1643 921 1709 Fabrianum
949 1653 1010 1722 (IX,
1025 1652 1062 1720 9).

199 1785 305 1850 ·Puto
328 1790 362 1850 te
385 1787 426 1851 ab
451 1785 620 1871 Onuphrio
639 1786 734 1872 Gilio,
756 1786 806 1851 tui
828 1785 1059 1867 amantissimo,
1082 1806 1146 1850 cer-

130 1874 248 1939 tiorem
271 1897 337 1940 non
361 1875 461 1940 semel
484 1898 552 1941 esse
571 1877 693 1940 factum
712 1875 942 1941 inualetudinis
960 1897 1059 1960 meae,
1083 1897 1146 1959 qua

128 1985 254 2028 nonum
277 1964 342 2029 iam
364 1986 508 2029 mensem
530 1965 577 2028 ita
599 1965 722 2050 laboro,
744 1969 782 2030 ut
804 1987 911 2049 neque
934 1965 1059 2030 ratione
1082 1964 1146 2029 uic-

129 2056 185 2117 tus
207 2074 312 2136 neque
335 2053 402 2117 ullo
430 2053 563 2118 remedii
591 2076 708 2139 genere
732 2055 836 2119 adhuc
859 2054 990 2138 quidem
1012 2054 1145 2120 alleuari
1160 2065 1185 2111 1⁵

129 2140 302 2225 potuerim.
357 2141 467 2226 itaque
499 2141 615 2207 misere
649 2143 737 2207 iaceo
773 2165 832 2227 spe
849 2219 852 2227 Ι
869 2143 934 2207 iam
970 2141 1145 2207 destitutus

129 2229 232 2314 omni,
261 2233 391 2314 praeter
422 2253 506 2315 eam,
538 2253 635 2315 quam
667 2231 702 2294 in
734 2230 814 2295 caeli
841 2229 1021 2295 mutatione
1049 2229 1146 2296 multi

128 2318 313 2403 ponendam
343 2319 550 2385 arbitrantur.
602 2341 740 2404 quorum
768 2341 829 2405 ego
858 2319 1001 2383 libenter
1029 2317 1157 2384 accedo·

128 2407 316 2472 sententiae.
354 2409 441 2473 exire
460 2412 596 2493 propter
612 2407 731 2472 nimios
746 2408 868 2473 calores
886 2408 1029 2472 nondum
1042 2406 1144 2472 licuit.

127 2494 192 2560 Sed
215 2496 352 2560 exeundi
376 2498 547 2562 consilium
569 2496 616 2560 ita
639 2496 720 2581 cepi,
743 2501 780 2561 ut
803 2497 844 2560 ad
866 2497 991 2580 patrios
1008 2496 1093 2561 lares
1112 2501 1145 2562 et
1158 2509 1186 2548 2⁰

128 2583 235 2649 dulcia
258 2585 454 2650 incunabula
477 2585 659 2672 remigrem.
705 2585 740 2650 in
763 2607 827 2670 quo
849 2586 1012 2670 Pontifex,
1035 2590 1073 2650 ιιι
1095 2589 1145 2650 est

125 2673 249 2760 insigni
270 2674 435 2758 praeditus
457 2675 675 2759 humanitate,
698 2675 826 2739 facilem
843 2675 1144 2760 perbenignumque

127 2783 161 2827 se
195 2762 355 2846 praebuit.
392 2762 427 2829 Si
450 2764 590 2850 quaeris,
616 2763 733 2828 laetior
755 2787 797 2828 an
821 2763 947 2828 tristior
975 2763 1144 2848 discedam,

125 2872 194 2916 non
213 2850 306 2915 facile
326 2851 471 2918 dixerim.
498 2853 525 2917 i
511 2856 545 2917 a
563 2852 667 2917 mul
632 2855 870 2934 taoccurrunt,
894 2872 977 2935 quae
1000 2850 1144 2914 animum

126 2961 165 3004 ae
187 2939 338 3005 uoluntat
289 2944 390 3005 tatem
412 2941 476 3006 huc
499 2941 576 3005 illuc
599 2940 787 3005 distrahant
824 2938 1017 3024 propensior
1034 2943 1144 3003 tamen
1158 2950 1184 2992 2⁶

125 3028 161 3093 in
183 3028 267 3093 hanc
289 3034 416 3113 partem
444 3052 529 3114 sum,
551 3034 589 3094 ut
610 3033 687 3114 post
705 3050 806 3094 annos
833 3028 943 3094 decem
970 3027 1107 3092 aetat'e
1098 3050 1143 3091 ιιι-

127 3121 352 3203 grauescente,
385 3122 521 3204 urgente
557 3118 749 3220 praesertim
786 3117 911 3183 difficili
942 3118 1071 3201 morbo,
1103 3116 1144 3179 ad

125 3205 253 3290 patriae
276 3207 482 3292 complexum
504 3229 675 3293 recurram,
697 3207 788 3272 cuius
811 3208 889 3292 adsp
892 3212 982 3272 ectus
1004 3227 1070 3270 non
1089 3204 1143 3268 du-

125 3295 209 3380 bito,
233 3295 311 3379 quin
329 3296 410 3361 mihi
428 3296 580 3361 amissam
597 3295 833 3361 molestrssimis
847 3295 932 3361 curis
945 3293 1143 3358 hilaritatem

124 3382 287 3450 restituat.
325 3407 421 3469 quam
440 3385 467 3450 si
487 3385 560 3469 quis
578 3385 717 3450 afflictae
735 3383 914 3449 ualetudini
932 3383 1019 3448 haud
1031 3381 1142 3467 paullo
1156 3393 1184 3435 ³⁰

125 3472 233 3559 magis
257 3495 353 3557 quam
377 3473 546 3539 orientalia
564 3474 736 3559 pharmaca
754 3474 906 3556 prodesse
930 3471 1056 3556 dixerit,
1075 3471 1143 3556 opi·

123 3581 196 3649 nor,
218 3584 285 3627 non
308 3563 438 3628 errabit.
483 3562 605 3628 Eamus
634 3561 737 3648 igitur
763 3561 824 3627 diis
848 3562 930 3626 bene
953 3561 1142 3626 iuuantibus
